3226 5034
469 463 595 530 IONAS,
608 462 704 519 VITA
717 463 906 520 VEDASTIS
924 463 1106 520 EPISOOPL
1294 469 1348 524 307

226 651 372 716 suindse
396 647 571 723 scriberet,
602 647 639 710 in
663 667 699 712 re
722 651 796 712 bam
819 648 852 712 ei
874 669 976 732 quem
1002 649 1142 712 Francis
1167 647 1346 732 Gallisque

229 739 409 804 nobissima
432 738 607 811 erravisse,
639 740 675 802 eb
699 758 761 819 pro
785 737 906 801 beatae
930 737 1061 802 Mariae
1086 737 1236 802 Basilica
1258 738 1346 802 Mar-

228 829 295 892 tini
320 827 516 901 Basilicam,
541 827 612 889 sive
636 846 696 909 pro
721 825 954 890 Duroeortoro
978 827 1163 891 Remorum
1187 825 1347 892 (laesero-

228 919 361 982 dunum
395 916 571 978 Turonum
607 915 769 998 possuise,
805 935 908 997 quem
942 916 1062 979 urbem
1101 918 1237 979 eonsbab
1271 919 1347 980 bum

195 1027 209 1066 s
229 1007 367 1072 Alarico
386 1005 646 1087 Visigobhorum
669 1003 758 1087 Regi
780 1004 943 1087 paruisse.
985 1002 1129 1068 Fortiter
1150 1002 1204 1068 ille
1227 1003 1348 1070 Nicetii

227 1093 446 1160 auctoritatem
469 1091 577 1172 munit,
609 1091 680 1156 licet
707 1097 825 1156 tentum
853 1091 921 1156 eius
942 1093 1025 1156 rnale
1054 1091 1282 1175 interpretatus
1304 1093 1350 1157 od

227 1185 336 1248 urbem
358 1182 552 1262 Rennnsem,
582 1187 618 1244 ut
642 1179 761 1261 monui,
785 1179 931 1245 Martini
955 1180 1070 1245 limina
1093 1180 1256 1263 rettulerit,
1287 1202 1348 1263 quo

229 1274 267 1338 de
289 1291 397 1336 errore
420 1269 511 1334 bodie
533 1289 599 1334 non
621 1268 804 1351 ambipitur.

341 1360 432 1440 Quod
463 1359 508 1423 ad
535 1357 783 1440 Wisipotborum
817 1357 972 1423 dicionem
1009 1364 1142 1441 spectat,
1182 1357 1234 1424 cui
1270 1360 1348 1424 urbs

186 1472 211 1510 ιο
234 1450 396 1514 Turonum
408 1469 438 1512 a.
452 1453 527 1512 496.
538 1447 690 1528 paruisse
701 1447 834 1528 uidetur,
851 1447 935 1512 lianc
946 1446 1169 1526 difficultatem
1186 1448 1225 1513 G.
1236 1448 1348 1512 Kurtb

229 1537 384 1617 facillime
406 1557 570 1619 superasse
597 1535 660 1602 sibi
681 1535 769 1600 eisin
790 1543 868 1617 erat,
892 1557 995 1618 repem
1018 1556 1133 1616 eorum,
1166 1536 1196 1601 si
1218 1543 1348 1618 repulus

229 1632 315 1707 esset,
344 1624 601 1707 pcreprinutioni
635 1624 842 1690 Clelodoueclii
868 1624 1048 1690 Turonensi
1078 1624 1133 1689 nin
1162 1624 1348 1690 obstiturum

228 1715 330 1795 fuisse
359 1721 509 1795 statuens,
546 1715 688 1795 ideisque
717 1720 937 1796 arpumcntum
969 1715 1078 1778 eadem
1105 1715 1219 1794 procid
1253 1714 1348 1780 dnbio

228 1804 386 1884 facilitate
408 1806 453 1868 cd
478 1803 667 1885 baptismum
695 1803 817 1882 referre
840 1809 975 1884 poterat,
1006 1801 1074 1866 nisi
1101 1802 1176 1868 urbi
1198 1802 1349 1868 Rerrsensi

186 1916 211 1956 a
229 1893 364 1958 nimium
397 1892 576 1957 studuisset.
633 1893 778 1956 Turonos
810 1912 883 1956 nero
916 1892 972 1956 sub
1006 1892 1211 1956 Francorum
1241 1891 1350 1973 potius

230 1981 354 2047 dicione
376 2002 411 2046 eo
434 1988 568 2064 tempore
591 1980 701 2062 fuisse,
732 1981 783 2047 W.
803 1979 962 2045 Leuison¹
991 1979 1095 2045 socius
1121 2000 1208 2044 meus
1231 2001 1269 2044 ea·
1291 1979 1349 2044 ali-

230 2077 304 2151 quot
335 2069 468 2136 indiciis
501 2075 590 2135 acute
619 2068 763 2151 eolliperc
792 2076 923 2134 conatus
954 2074 1012 2149 est,
1047 2088 1177 2133 monens
1207 2068 1349 2134 Volusia-

230 2161 329 2223 num²
362 2159 525 2224 Turonum
558 2158 735 2240 episcopum
770 2157 883 2224 Gothis
915 2162 1099 2238 suspectum,
1130 2159 1214 2238 quod
1241 2157 1349 2223 Fran-

231 2269 338 2312 corum
366 2247 500 2328 imperio
529 2269 562 2312 se
593 2249 724 2312 subdere
752 2246 907 2327 noluisset,
943 2245 980 2311 in
1013 2245 1144 2310 erilium
1177 2247 1350 2327 relepatum

186 2361 213 2399 n
236 2337 365 2401 Tolosae
388 2336 470 2401 diem
492 2357 672 2417 supremum
695 2335 809 2401 obiisse
836 2335 1069 2416 Gallorumque
1092 2335 1242 2418 potestati
1264 2334 1349 2399 Bur-

231 2425 394 2507 ulipalarn³
416 2447 448 2490 a.
465 2431 540 2490 498.
564 2431 702 2506 ereptam
725 2424 868 2490 Francis
896 2423 1033 2490 cessisse.
1084 2425 1175 2506 Quod
1200 2426 1245 2489 ad
1265 2424 1350 2488 lanc

232 2513 411 2595 opinionem
430 2516 685 2594 confirmandam
707 2513 815 2583 Vitam
831 2513 999 2580 Sollemnis
1017 2512 1155 2597 episcopi
1176 2512 1350 2579 Carnotcni

231 2602 345 2681 attulit,
375 2603 508 2668 stolidus
537 2603 591 2668 ille
619 2603 805 2685 inutilisque
834 2604 909 2683 fons
938 2605 1034 2682 fidem
1065 2602 1194 2667 omuino
1226 2603 1348 2668 nudem

230 2693 397 2770 rueretur4,
419 2692 561 2775 iustoque
582 2693 654 2757 iure
673 2695 710 2757 de
728 2715 762 2758 eo
783 2693 823 2758 G.
840 2693 973 2758 Kurtle⁶
990 2691 1074 2757 idem
1092 2691 1249 2758 iudicauit
1266 2693 1350 2773 quod

185 2805 212 2844 n
230 2803 284 2864 epo
307 2781 407 2846 simili
430 2781 593 2848 occasione
601 2783 622 2862 ⁶,
651 2781 735 2846 hanc
761 2781 881 2847 scilicet
901 2781 987 2846 mum
1010 2783 1055 2846 acl
1076 2780 1263 2844 Aimoinum
1286 2787 1348 2844 ten·
1414 2811 1420 2826 ·

230 2872 302 2935 dere
334 2871 487 2936 historiae
521 2872 726 2936 Francorum
753 2877 937 2951 patroninn.
988 2870 1110 2934 Auctor
1143 2869 1227 2932 vitae
1260 2867 1349 2932 illius

229 2959 492 3024 mendacissimus
520 2980 600 3024 saec.
625 2958 694 3021 IX.
714 2957 772 3038 in,
802 2965 838 3022 ut
863 2964 972 3023 sancto
1001 2978 1058 3020 suo
1082 2955 1235 3037 baptisati
1264 2957 1349 3037 repis

230 3047 435 3112 Francorum
467 3047 606 3128 pluriam
638 3045 804 3110 uindicare
833 3051 952 3126 posset,
991 3046 1056 3109 loco
1090 3045 1348 3108 Alamannorum

235 3135 410 3199 Gothorum
444 3136 557 3200 bellum
590 3133 696 3214 (inuit,
731 3154 792 3214 qno
818 3154 921 3215 repem
950 3134 995 3198 ad
1020 3134 1115 3212 fidem
1139 3131 1349 3197 christianam

183 3246 212 3285 so
230 3229 412 3287 commotum
427 3245 492 3288 esse
506 3223 624 3304 noluit,·
646 3221 750 3286 uerbis
767 3243 840 3286 nero
863 3222 899 3286 V.
924 3220 1070 3286 Vedastrs
1087 3222 1132 3285 ad
1146 3221 1349 3286 Alamannos

230 3311 441 3392 spectantibus
472 3319 537 3376 tam
571 3312 769 3393 impudenter
802 3311 918 3374 abimus
952 3315 998 3374 est
1008 3309 1027 3390 ⁷,
1066 3315 1102 3374 ut
1135 3311 1192 3374 lios
1226 3330 1349 3374 summa

228 3399 370 3465 audacia
403 3422 512 3466 erasm
545 3401 610 3482 ipsi
643 3399 882 3480 interpolatores
919 3398 957 3463 in
990 3405 1108 3464 tentum
1142 3398 1348 3464 restituerint.

229 3488 401 3554 Eiusmodi
423 3489 548 3555 auctori
570 3487 787 3554 auctoritatem
808 3488 908 3553 ullam
931 3487 1064 3552 attribui
1086 3509 1151 3552 non
1174 3487 1255 3553 lieet.

341 3580 431 3660 Quod
444 3578 474 3644 si
489 3580 597 3644 urbem
614 3579 828 3642 Turonensem
844 3576 981 3642 dimonis
996 3577 1201 3642 Francorum
1216 3597 1297 3643 saec.
1311 3577 1347 3642 V.

184 3687 211 3728 u
229 3675 359 3732 exeunte
374 3667 575 3750 aliquamdiu
586 3666 687 3746 fuisse
701 3666 753 3732 W.
766 3665 904 3730 Leaison
919 3673 999 3730 recte
1011 3666 1178 3731 coniecisse
1189 3666 1347 3747 statueris,

228 3755 311 3820 sicin
324 3756 542 3839 Burdipalam
563 3756 705 3838 ipsorum
723 3755 824 3834 fuisse
840 3761 970 3835 constat,
994 3756 1054 3819 lias
1071 3776 1179 3819 eorum
1198 3754 1349 3820 victorias

229 3865 294 3908 non
317 3867 563 3911 commemorans
590 3843 765 3927 Greporius
788 3864 851 3926 pro
879 3843 949 3925 ipso
972 3843 1122 3928 baptismi
1147 3845 1212 3909 loco
1241 3846 1349 3909 urbem

231 4019 257 4085 1)
271 4018 310 4072 W.
328 4019 448 4086 Lemson
467 4021 538 4072 ‘Zur
555 4020 705 4072 Gesehiclrts
722 4021 768 4072 des
782 4019 1010 4085 Frankenlcdm'ps
1027 4017 1205 4070 Chlodenech’
1224 4017 1349 4082 (saera

229 4091 255 4143 e.
274 4091 382 4143 Vereins
400 4107 450 4144 0022
468 4091 675 4155 nunninus.
695 4093 732 4142 em
751 4089 866 4144 eninr?
881 4093 941 4156 103,
957 4107 987 4156 p.
1000 4091 1122 4156 isser).
1206 4091 1234 4155 2)
1259 4087 1348 4155 eree,

183 4167 211 4206 ⁴⁰
229 4159 265 4215 Η,
284 4162 335 4216 Fr.
354 4163 394 4229 II,
407 4165 451 4218 26.
471 4163 509 4228 X,
523 4165 566 4216 31.
620 4166 649 4231 3)
670 4164 747 4216 Aust.
759 4161 855 4230 Prosp.
868 4159 968 4226 Halm,
987 4163 1065 4215 Anct.
1078 4162 1161 4226 antiq.
1175 4159 1228 4226 IX,
1241 4177 1271 4227 p.
1282 4162 1332 4214 331
1339 4179 1350 4222 ,·

229 4233 265 4295 cf.
285 4232 333 4288 SS.
351 4251 407 4289 rer.
423 4234 520 4288 Meron
533 4234 592 4300 III,
609 4253 637 4302 p.
649 4235 711 4299 465,
730 4250 757 4288 n.
773 4236 796 4288 1.
851 4235 879 4300 4)
899 4233 942 4298 Cf.
959 4233 1002 4286 Ἢ.
1017 4231 1107 4286 Aren!
1120 4231 1229 4298 XXIV,
1245 4249 1275 4299 p.
1288 4235 1348 4286 371.

230 4303 257 4372 5)
279 4304 311 4358 G.
325 4305 427 4371 Kree-tls,
448 4305 555 4358 ‘Clonii’
568 4306 608 4372 11,
625 4323 653 4373 p.
667 4304 745 4362 283².
818 4303 845 4374 6)
866 4302 909 4359 ‘N.
921 4303 1015 4358 Areia!
1027 4303 1096 4368 XII,
1111 4318 1141 4368 p.
1155 4304 1215 4357 289.
1271 4304 1298 4369 7)
1319 4303 1348 4359 V.

229 4375 369 4427 sollemnis
387 4391 408 4431 c.
422 4380 453 4431 7.·
477 4376 603 4445 pergit
627 4375 662 4428 ad
686 4374 832 4444 proelium,
858 4391 1003 4442 cumque
1029 4372 1123 4426 scies
1147 4377 1242 4426 eontra
1262 4375 1349 4427 aciem

228 4447 412 4515 utrimque
435 4447 491 4500 tels
509 4445 606 4500 emissa
624 4447 765 4514 ianiarent,
785 4477 818 4486 —
837 4478 873 4486 -
891 4462 955 4499 cum
973 4448 1078 4514 terga
1097 4443 1231 4497 dederunt
1250 4450 1297 4513 (=
1318 4447 1348 4502 V.

180 4523 210 4563 ⁴⁶
233 4518 332 4584 reus,
351 4534 372 4573 c.
386 4520 422 4586 2).
1136 4553 1188 4608 Ἃ),
