3226 5034
444 456 570 526 IONAS‚
583 457 679 512 VITA
690 456 880 512 VEDASTIS
898 455 1082 514 EPISOOPI.
1271 459 1325 514 305

204 641 350 707 animum
379 641 424 706 ad
451 640 536 706 banc
558 647 685 722 partem
714 642 870 706 adducere
898 638 987 703 unos
1016 660 1080 703 esse
1108 637 1202 704 etiam
1226 659 1264 702 erc
1286 659 1325 702 ao

204 752 298 812 qnam
317 735 394 813 post
415 729 603 810 baptismum
622 729 701 794 Aoit
689 735 739 794 tus
740 729 921 856 episcopus
943 727 1133 793 Viennensis
1156 729 1200 792 col
1221 748 1325 809 repam

205 821 335 884 dederat
323 817 459 899 tepistu
425 819 493 882 tulo
513 824 644 900 praua
577 819 658 882 mall
646 817 751 882 toria1
774 818 810 882 in
811 817 977 899 tellepitnr
1027 816 1167 897 Utraque
1189 815 1324 898 epistula

204 908 290 972 inter
300 929 333 972 so
345 906 562 988 consentiente,
576 905 666 971 dubit
653 907 720 971 tari
732 906 787 970 oin
798 906 870 972 licet
858 905 982 988 tquin,
994 905 1177 986 praemissa
1192 904 1324 987 optione,

173 1022 186 1062 e
204 1004 312 1061 utrum
327 995 530 1060 Arianorum
553 1017 598 1060 an
621 1001 671 1060 cat
659 995 737 1060 tlbo'
712 996 776 1060 loco
798 997 879 1075 fides
897 995 1108 1078 approbanda
1131 1000 1216 1075 esset,
1241 993 1325 1058 banc

205 1107 262 1150 ran
280 1083 414 1166 cleperit.
454 1084 554 1166 Apud
572 1083 785 1166 Greporium²
800 1105 872 1149 uero
891 1085 929 1148 de
944 1082 1146 1148 Arianorum
1162 1081 1326 1149 conatibus

205 1196 245 1239 na
267 1174 393 1238 uerbum
413 1171 538 1254 qnidam
554 1172 676 1255 lapitur,
701 1175 757 1238 scd
775 1173 805 1237 is
825 1178 966 1237 euentum
981 1178 1077 1236 totum
1097 1170 1325 1238 Obrotccbildis

206 1262 337 1361 repinaa
365 1261 535 1328 calbolicac
558 1261 799 1361 praedicationi
828 1283 866 1325 no
867 1268 955 1343 toque
985 1267 1032 1325 att
1006 1260 1139 1342 ttt‚ribni
1120 1262 1254 1342 tquod
1282 1261 1327 1326 ad

206 1350 373 1416 uictoriam
395 1349 671 1432 impetrandam
657 1371 696 1415 cn
718 1350 794 1414 bello
815 1349 1031 1415 Alamanniae
1053 1370 1111 1414 ran
1133 1350 1326 1414 uehementer

162 1465 189 1504 ιο
203 1438 332 1522 perialit
331 1445 403 1504 atus
417 1438 558 1504 uouisset
537 1439 676 1504 tVict
664 1439 764 1504 lorias
779 1439 864 1520 repis
880 1439 968 1522 bapt'
954 1444 1033 1504 caatr
1011 1438 1159 1503 tNicat'
1134 1444 1197 1502 trus
1214 1438 1326 1519 plures

207 1527 465 1608 commemorauit,
444 1521 622 1593 tnullcm
655 1549 729 1592 uero
751 1527 1002 1593 Alamannieum
1031 1549 1092 1608 per
1114 1533 1164 1592 ool
1163 1549 1217 1590 um
1245 1525 1327 1592 illud

207 1624 258 1682 cat
245 1615 393 1682 tbolicum
422 1579 491 1682 reba
470 1623 566 1698 atam,
598 1637 726 1697 cumque
756 1618 840 1682 bone
868 1637 947 1681 sanc
969 1637 1033 1716 pro
1063 1614 1325 1716 manifestissimo

206 1705 361 1770 miraculo
384 1705 561 1770 babendum
591 1726 656 1770 esse
686 1706 800 1787 napari
833 1705 889 1769 oin
915 1705 1028 1787 possit,
1064 1705 1094 1770 si
1127 1726 1178 1769 res
1211 1726 1244 1769 se
1277 1703 1325 1767 ila

206 1793 397 1875 debuissent,
422 1793 549 1858 Nicetio
579 1795 663 1859 banc
695 1815 803 1858 rerum
825 1801 977 1859 naturam
1007 1793 1201 1875 inoopnitam
1223 1792 1325 1872 fuisse

162 1883 365 1948 1sconcludo.
411 1883 516 1947 Porro
545 1882 575 1947 si
604 1889 672 1947 uoto
700 1882 756 1947 illo
786 1884 831 1948 od
858 1885 953 1962 fldem
983 1882 1168 1948 catholicam
1192 1903 1249 1946 ren
1271 1883 1325 1946 ad-

206 1972 334 2037 strictus
357 1978 444 2051 esset,
468 1974 624 2052 quomodo.
635 1971 730 2036 Auito
746 1977 819 2036 testa
833 1971 902 2050 fera
916 1971 953 2036 in
971 1971 1116 2036 nltimam
1138 1977 1324 2035 momentum

207 2060 338 2138 differre
363 2066 490 2142 poterat
521 2060 655 2125 liborum
683 2082 776 2125 suum
797 2060 995 2125 arbitrium?
1040 2059 1221 2125 Enarratio
1249 2059 1325 2124 Gre-

204 2149 344 2231 poricua
367 2171 437 2214 cum
459 2155 593 2231 utraque
611 2149 746 2231 epistula
764 2149 933 2214 conciliari
948 2149 1056 2230 nequit
1070 2148 1326 2229 contrariamque

207 2244 347 2303 statuens
363 2237 542 2320 opinionem
563 2238 603 2303 G.
620 2239 731 2302 Kurtb
746 2244 807 2303 toto
821 2237 950 2317 fallitur
965 2239 1058 2303 caelo.
1098 2237 1178 2303 Oum
1192 2236 1326 2301 uictoria

162 2352 189 2390 so
207 2326 426 2393 Alamanniae
456 2327 644 2408 baptismum
673 2327 804 2392 minimo
833 2327 999 2392 cobaaroro
1027 2349 1145 2392 mecum
1175 2325 1327 2391 consentit

207 2415 250 2480 A.
274 2417 402 2482 Hauolc.
453 2417 559 2482 Facta
588 2415 719 2498 optione,
755 2417 993 2499 competentem³
1027 2414 1260 2481 Oblodouaelms
1293 2435 1326 2479 se

201 2505 370 2588 professus
403 2511 448 2569 ast
482 2512 659 2587 certumque
694 2504 818 2570 dierum
851 2526 1017 2570 numerum
1054 2506 1243 2586 expectabat,
1283 2505 1328 2568 ad

208 2593 356 2674 baptismi
370 2601 572 2659 sacramanta
590 2615 622 2659 sa
633 2615 850 2676 praeparans.
895 2593 1042 2660 Caesarii
1057 2595 1161 2658 adbuc
1176 2593 1326 2658 babemus

208 2683 252 2747 ad
266 2689 467 2763 competentes
482 2704 654 2748 sermonem
667 2683 944 2765 mborlalorium4,
961 2683 1016 2766 qni
1025 2682 1176 2766 pasclali
1192 2689 1326 2763 tompore

162 2794 188 2832 n
207 2771 243 2836 in
266 2771 451 2855 baptisterio
474 2771 729 2853 baptiaabantnr,
759 2775 842 2838 unde
872 2773 968 2837 etiam
996 2793 1100 2855 rapam
1122 2772 1326 2836 Francorum

117 2897 120 2906 ·
207 2861 312 2924 codam
334 2867 469 2942 tempore
491 2861 684 2941 baptizatum
707 2883 772 2926 esse
792 2861 929 2927 tradidit
946 2860 1164 2943 Fradaporins
1179 2859 1254 2940 ΙΙΙ,
1272 2864 1324 2921 21.
1359 2912 1362 2918 .

207 2947 292 3012 Eius
314 2970 387 3013 oaro
410 2949 583 3029 baptismus
605 2970 627 3012 α
648 2949 715 3012 ritu
733 2949 891 3014 communi
913 2948 1101 3013 omnimodis
1117 2948 1324 3028 discrepabat.

207 3036 319 3100 Primo
348 3043 406 3101 not
394 3037 500 3101 ttiuita
499 3036 529 3100 is
558 3035 694 3100 Domini
723 3037 790 3101 dias
818 3037 884 3118 ipsi
913 3043 1054 3100 reservat
1053 3058 1091 3100 us
1124 3041 1177 3116 est,
1157 3035 1326 3100 tdeiude

207 3144 342 3222 mopnns
366 3146 432 3206 pon
434 3124 555 3204 tillcum
581 3130 749 3190 concentus
776 3146 844 3189 eum
874 3123 1055 3223 baptieaoit.
1035 3125 1195 3223 tHaac
1216 3130 1327 3188 auctor

163 3235 190 3273 eo
208 3211 336 3276 omnino
359 3213 538 3293 aequalist
537 3218 603 3277 csta
582 3218 657 3277 atur
604 3211 757 3276 tAuit
746 3218 804 3276 tus.
843 3213 1014 3277 Falsum
1002 3212 1102 3295 rpitur
1123 3213 1238 3277 iterum
1261 3233 1326 3277 csse

209 3307 340 3382 oportet
313 3301 413 3366 lid
445 3304 529 3383 quod
566 3299 742 3382 Greporius
775 3301 882 3365 rettudi
952 3300 1153 3383 aRemipio
1185 3300 1326 3401 episcopo

208 3389 359 3455 Ramensi
381 3391 445 3455 solo
469 3411 572 3473 repam
590 3391 680 3456 unda
695 3389 780 3454 salut
745 3395 833 3454 utam
828 3307 973 3454 'latrina
959 3411 1032 3470 esse,
1059 3387 1159 3454 ‘c’lam
1175 3412 1197 3454 a
1212 3389 1326 3472 rapina

209 3479 368 3545 arcessito.

319 3586 398 3652 Oum
431 3585 531 3669 ipitur
564 3608 587 3649 α
620 3584 752 3651 concilio
786 3585 997 3668 episcopormn
1031 3585 1254 3650 catholicorum
1288 3606 1327 3650 coc

164 3697 189 3736 es
209 3683 272 3740 tola
295 3675 406 3742 Gallia
430 3681 604 3756 conuocato,
629 3674 681 3740 cui
695 3674 811 3740 Auitus
833 3675 996 3759 episcopus
1022 3674 1209 3740 Viennensis
1229 3674 1326 3739 intar-

208 3787 273 3829 asse
295 3787 361 3829 non
376 3771 514 3849 potarat,
541 3764 774 3830 Oblodooacbus
792 3763 971 3846 baptisatus
990 3764 1033 3829 sit
1049 3785 1148 3846 noque
1166 3765 1211 3828 ad
1227 3783 1326 3827 unum

209 3853 399 3936 Remipium,
428 3855 483 3919 sad
505 3856 549 3919 ad
570 3853 755 3935 omnesqui
786 3860 998 3919 conuenerant
1018 3874 1123 3918 seruos
1146 3852 1211 3918 Dei
1234 3858 1328 3934 capnt

211 4080 236 4150 1)
263 4081 315 4136 Ed.
333 4082 437 4149 Pn'pn,
456 4083 532 4135 Auct.
552 4083 635 4148 antiq.
654 4080 702 4145 VI,
722 4099 752 4148 p.
772 4083 807 4137 75
815 4097 853 4148 sq.
897 4081 980 4134 Locos
1003 4081 1147 4134 nonnullos
1170 4080 1325 4145 emendavit,

208 4154 255 4204 sad
276 4168 336 4203 oum
360 4153 417 4204 alia
441 4153 537 4204 manda
561 4160 618 4204 tum
644 4151 774 4204 lectionem
798 4153 973 4220 depravatam
1000 4151 1098 4220 legisse
1123 4155 1248 4204 nostrum
1271 4166 1327 4218 pro

45 4217 46 4222 ’
162 4233 192 4271 so
208 4222 279 4292 legis
296 4227 406 4276 nostrae
424 4226 545 4290 seruauit,
565 4224 891 4292 danssorrssutenemplo
902 4226 1017 4275 nimium
1034 4225 1110 4289 fisus,
1129 4222 1164 4276 H.
1180 4222 1325 4288 chevallon

211 4293 336 4346 ‘Oenones
354 4295 488 4360 completos
513 4263 545 4346 di
569 4297 643 4349 saint
661 4295 733 4346 Aolt'
734 4295 892 4361 ,Inpdnni
909 4297 987 4361 1890,
1002 4311 1032 4362 p.
1047 4297 1106 4350 190.
1180 4294 1207 4358 2)
1237 4293 1326 4359 (trop,

209 4366 246 4418 H.
265 4367 316 4421 Fr.
332 4366 371 4433 ΙΙ,
384 4368 483 4433 29sqq
538 4367 565 4431 3)
586 4365 638 4431 Ep.
655 4367 805 4432 Annuit
806 4384 857 4433 ..p
871 4368 913 4431 75,
927 4369 984 4432 27).
1038 4365 1065 4434 4)
1085 4365 1177 4432 Meque
1188 4364 1326 4429 XXXIX

208 4438 254 4493 ool.
269 4440 348 4493 2242.
380 4438 423 4502 Cf.
443 4437 472 4493 V.
487 4438 609 4490 Caesarii
627 4436 666 4500 ΙΙ,
680 4439 714 4491 17
732 4437 793 4502 (SS.
812 4453 865 4492 rer.
884 4405 984 4492 Horou.
1003 4437 1058 4504 III,
1074 4454 1104 4505 p
1117 4439 1191 4497 490).

262 4546 335 4586 Iones.
1113 4529 1148 4581 20
