3222 5030
284 437 321 493 54
497 433 622 503 Ionas,
635 431 757 488 VITAE
775 431 1004 489 COLUMBANI
1023 425 1131 488 [inm
1145 431 1189 489 Π.

284 615 382 682 uoluit
392 617 412 680 ¹.
459 615 630 700 Ipnoraoit
657 613 758 697 ipitur
782 614 934 695 Sipiberti
962 613 1082 680 dicioni
1106 613 1294 679 Austrasios
1322 615 1404 679 solos

284 704 424 770 subditos
451 703 552 786 fnisse
581 709 783 785 sanctumque
811 704 849 768 in
879 704 1037 786 Vosapum
1064 702 1227 768 aduenisse
1250 702 1337 768 circa
1364 709 1402 767 15

284 794 383 860 annis
406 801 481 876 post
507 799 636 858 mortem
665 793 770 876 repis·
803 799 877 858 tunc
906 798 1010 858 autem
1037 791 1296 857 Guntlramnum
1318 791 1404 857 Bur·

282 883 479 965 pundionum
494 903 626 964 repnum
638 881 773 946 tonuisse
788 881 883 963 idque
898 881 1097 947 Cluildeberto
1113 882 1237 945 demum
1251 887 1404 963 5555555

284 971 528 1036 Austrasierum
555 991 652 1052 repno
674 969 840 1036 accessisse
862 970 895 1034 55
918 969 1008 1052 pacti
1030 969 1274 1034 Andelauensis.
1326 968 1436 1034 (lumi

284 1061 322 1126 de
339 1058 491 1142 Sipiberti
506 1080 579 1124 nece
593 1065 623 1123 et
642 1058 838 1124 Obildeberti
854 1057 1048 1140 primordiis
1066 1064 1212 1124 accurate
1231 1057 1404 1124 instructus

285 1154 370 1228 esset,
402 1147 468 1214 nisi
495 1148 604 1228 fallor,
634 1168 650 1212 e
678 1146 828 1229 Greporii
857 1146 944 1211 Hist.
969 1147 1029 1211 Fr.
1053 1146 1119 1228 IV,
1145 1153 1197 1210 50.
1230 1153 1282 1210 51.
1313 1147 1348 1228 V,
1375 1153 1402 1228 1,

286 1237 420 1302 codicem
442 1256 532 1318 quem
554 1235 666 1300 habuit
685 1235 827 1316 suspicor
844 1235 1091 1317 haudquaquam
1114 1235 1272 1316 5555555
1294 1235 1402 1317 fuisse,

286 1326 341 1390 sed
362 1345 417 1389 sea
439 1331 563 1390 tantum
580 1324 708 1406 priores
730 1323 898 1388 Historiae
921 1325 980 1389 Fr.
1005 1323 1102 1388 libros
1125 1323 1325 1403 continuisse,
1349 1323 1405 1406 555

286 1414 387 1479 classe
407 1413 441 1477 B
463 1413 672 1478 continentur.
718 1413 773 1476 Ea
795 1433 876 1494 quae
898 1413 936 1477 de
959 1412 1048 1477 bellis
1070 1433 1178 1495 nepum
1201 1413 1405 1478 Francorum
1424 1439 1452 1478 ιο

286 1525 318 1568 a.
335 1508 534 1566 610—613.
556 1501 651 1584 pestis
674 1501 841 1566 enarravit
862 1501 898 1566 in
916 1501 1100 1566 universnm
1119 1523 1188 1566 cnm
1207 1501 1405 1583 Fredepario

286 1590 484 1672 conueniunt,
515 1589 570 1672 qui
600 1611 768 1655 consensus
790 1590 826 1654 in
849 1591 909 1656 555
938 1590 1075 1670 fontium
1099 1591 1241 1672 penuria
1271 1589 1406 1655 maximi

286 1679 433 1744 momenti
456 1685 519 1760 est,‘
547 1679 602 1744 ubi
624 1685 728 1744 autem
751 1679 962 1760 discrepant2,
993 1679 1040 1744 ibi
1068 1681 1163 1758 fidem
1187 1678 1406 1744 5555555555

287 1769 538 1850 anteponendam
561 1789 626 1833 esse
648 1789 755 1833 censeo
778 1768 997 1852 bapioprapbo
1020 1767 1146 1832 Italico.

395 1856 498 1922 Situm
527 1859 664 1922 locorum
692 1856 908 1938 multipliciter
930 1856 1141 1921 determinare
1170 1857 1289 1922 solebat
1309 1877 1406 1938 eaque
1425 1881 1452 1922 15

287 1965 367 2028 quae
399 1946 467 2029 ipse
501 1946 619 2010 viserat
651 1945 763 2028 optime
797 1945 972 2027 descripsit.
1027 1945 1264 2011 Victoriacum¹
1297 1947 1406 2010 uillam

281 2034 445 2117 publicam
477 2035 515 2098 in
547 2035 728 2100 suburbano
755 2034 975 2100 Atrebatensis
1003 2034 1093 2099 urbis
1122 2034 1217 2098 sitam
1247 2056 1312 2100 esse
1341 2056 1406 2100 nan

286 2123 456 2206 ianorauit,
487 2123 600 2206 quippe
629 2123 686 2205 qui
714 2123 803 2189 band
825 2125 940 2204 promi
969 2125 1009 2188 55
1039 2145 1077 2187 55
1106 2125 1193 2204 apud
1221 2125 1406 2188 Amandum

288 2219 362 2276 tunc
388 2218 641 2292 commoraretur,
672 2211 811 2292 situsque
834 2211 1055 2276 Vesontionis⁸
1082 2212 1172 2276 urbis
1201 2219 1321 2276 natura
1343 2213 1406 2292 for-

289 2299 360 2364 titer
382 2299 524 2364 munitus
553 2299 582 2363 ei
611 2299 795 2364 notissimus
823 2306 901 2364 erat.
949 2301 1099 2365 Attamen
1127 2321 1235 2365 errore
1263 2301 1331 2380 fere
1358 2300 1406 2366 in·
1424 2327 1453 2366 so

289 2387 464 2453 excusabili
487 2389 630 2452 Iotrense
652 2388 877 2452 monasterium
901 2387 998 2452 ‘intra
1017 2389 1135 2454 Iorani
1157 2390 1289 2454 saltus'4
1311 2389 1406 2455 situm

290 2497 355 2541 esse
389 2475 532 2557 credidit,
568 2475 638 2541 licet
671 2476 738 2557 ipse
771 2476 860 2541 baud
886 2478 1000 2558 procul
1029 2479 1069 2542 ab
1099 2499 1133 2542 eo
1156 2478 1194 2542 in
1216 2478 1407 2543 monasterio

289 2563 501 2629 Enoriacensi
524 2571 723 2630 conversatus
746 2573 831 2647 esset,
862 2573 892 2630 et
912 2567 1139 2631 monasterium
1164 2567 1407 2632 Sollemniacum

292 2652 397 2738 ‘siper
411 2653 547 2732 fluuium
570 2655 799 2719 5755555555ὃ
813 2655 930 2736 posuit,
955 2657 1038 2736 quod
1051 2677 1086 2720 re
1101 2677 1177 2720 uera
1191 2655 1261 2720 rino
1276 2657 1407 2721 555555

289 2741 445 2820 influente
467 2742 609 2824 alluitur,
633 2742 688 2824 qui
710 2743 855 2809 Briance
877 2745 1063 2825 appellatur.
1426 2767 1453 2808 5

397 2831 569 2896 Praeterea
599 2833 637 2896 de
666 2839 767 2896 aetate
797 2833 901 2898 sancii
930 2833 981 2896 sui
1011 2833 1203 2915 bioprapbus
1233 2840 1293 2898 toto
1324 2834 1407 2898 caelo

290 2919 419 2985 errauit.
471 2919 614 2986 Oredidit
636 2921 720 2986 enim
747 2921 975 2987 Columbanum
997 2921 1177 2987 uicesimum
1202 2919 1408 3000 (tricesimum

290 3011 322 3073 A
340 3016 369 3074 4.
404 3009 454 3090 Β)
493 3009 606 3075 aetatis
644 3031 766 3074 annum
803 3011 966 3092 apentem⁶
1003 3010 1040 3075 in
1079 3011 1207 3076 Gallias
1244 3009 1408 3076 aduenisse

289 3098 462 3180 iterumque
484 3098 629 3164 uicesimo
652 3121 738 3164 anno
753 3099 897 3164 Luuouio
920 3099 1113 3182 abscessisse,
1137 3099 1185 3164 ita
1206 3106 1241 3164 ut
1259 3099 1346 3165 55555
1364 3105 1406 3162 45

290 3209 393 3252 annas
415 3193 511 3253 natus
533 3189 616 3252 diem
638 3209 818 3269 supremum
840 3187 974 3269 obiisset,
999 3210 1097 3270 neque
1119 3189 1248 3254 lectione
1270 3187 1408 3253 aliorum
1426 3213 1453 3252 5

290 3276 430 3342 codicum
458 3279 578 3342 medela
607 3277 781 3358 adhibetur,
818 3298 887 3342 cum
920 3283 1050 3342 sanctus
1081 3300 1113 3342 se
1142 3277 1246 3359 ipsum
1276 3300 1307 3342 5.
1332 3283 1406 3340 603.

289 3364 374 3430 inter
402 3372 565 3430 ueteranos
593 3386 740 3446 senesque
769 3365 1005 3430 numeraverit⁷
1033 3387 1162 3448 eumque
1189 3369 1233 3431 ad
1253 3387 1408 3430 summum

289 3459 473 3518 senectutem
501 3453 683 3534 peruenisse
717 3475 755 3517 55
788 3454 931 3518 carmine
965 3455 1009 3518 ad
1036 3455 1202 3518 Fidolium
1231 3454 1407 3534 collipatur.

290 3541 395 3605 Falsa
417 3540 477 3604 illa
505 3540 653 3620 opinione
682 3542 824 3622 deceptus
845 3541 1019 3623 imapinem
1041 3542 1256 3606 delineanda
1278 3541 1409 3607 ueritate

290 3629 368 3692 adeo
390 3627 567 3708 distantem,
597 3635 633 3692 ut
654 3628 691 3692 in
713 3631 929 3694 restauranda
951 3629 1079 3694 ecclesia
1101 3627 1278 3694 Bobiensi⁸
1304 3631 1409 3695 trabes
1427 3657 1453 3698 5

290 3715 436 3780 immensi
456 3716 610 3796 ponderis
632 3738 702 3782 enm
725 3719 845 3782 duobus
867 3717 914 3782 uel
936 3717 1037 3782 tribus
1060 3716 1155 3782 sociis
1178 3716 1318 3782 bumeris
1340 3718 1408 3784 suis

284 3810 430 3886 portasse
452 3804 539 3870 credi
561 3805 695 3870 uoluerit
715 3827 820 3871 senem
842 3806 1042 3888 5555555555.
1403 3869 1405 3874 ,

397 3892 558 3974 Inprimis
580 3900 682 3959 autem
710 3894 747 3959 id
768 3895 871 3959 Ionae
898 3894 974 3958 uitio
1004 3895 1146 3960 dandum
1175 3901 1229 3977 est,
1259 3897 1343 3978 quod
1370 3917 1408 3960 ea

290 4002 370 4064 quae
393 4003 458 4047 non
480 3988 560 4048 recte
582 3981 717 4048 sensisse
733 3989 911 4067 patronum
929 4005 1021 4048 suum
1040 3983 1175 4050 credidit
1192 3990 1249 4049 aut
1271 4005 1351 4066 quae
1370 3986 1408 4049 de

197 4093 273 4146 mm.
289 4070 444 4136 institutis
462 4071 530 4136 eius
545 4070 674 4136 interim
688 4071 856 4138 immutata
871 4079 966 4138 erant
980 4073 1088 4138 omnia
1104 4074 1243 4140 consulto
1259 4073 1408 4156 *praetem
1425 4101 1453 4142 5

292 4264 365 4320 15.
386 4263 500 4317 555,
520 4263 600 4328 1,1s.
655 4265 682 4332 s)
705 4264 748 4319 5.
767 4265 848 4332 am.
867 4269 911 4322 ss.
966 4268 994 4332 s)
1015 4267 1059 4321 55.
1079 4235 1158 4334 555.
1214 4269 1242 4333 4)
1264 4267 1309 4320 m.
1328 4266 1407 4332 555.

289 4337 314 4472 Ξ
326 4335 380 4460 &a
400 4335 440 4400 11,
454 4337 495 4390 10.
558 4337 585 4405 5)
604 4335 647 4390 Ji.
667 4336 732 4403 I,4.
797 4339 823 4404 7)
842 4337 907 4393 55,
926 4338 979 4406 ap.
998 4339 1131 4434 115155.
1192 4336 1220 4407 s)
1240 4337 1271 4392 5.
1292 4338 1407 4394 arama
