3222 5030
249 515 252 522 Δ
310 464 347 518 34
523 455 649 548 louet,
661 454 784 514 vltis
803 451 1032 510 OOLUMBAM
1050 451 1158 508 LIBRI
1175 452 1215 510 H.

311 647 341 707 et
362 639 537 723 quaeritur,
560 640 646 704 unde
668 637 752 704 banc
774 637 954 703 litterarum
982 635 1148 702 scientiam
1177 641 1321 718 artesque
1349 657 1430 718 oum

311 730 452 795 colebant
473 727 651 810 coemerint
674 725 773 793 Scotti
794 725 831 790 in
857 731 993 790 ecorum
1022 726 1096 790 orbe
1124 725 1276 806 depentes.
1328 724 1430 792 Fides

310 817 490 884 christiam
512 816 618 882 Romo
640 814 687 880 cis
708 820 789 880 certe
814 815 916 880 allata
938 819 991 895 cst,
1021 811 1294 896 caerimonioewe
1316 813 1430 896 qnibrcs

310 908 480 972 utebantur
508 905 661 970 obsoletae
689 903 798 970 multis
826 902 962 968 saeculis
990 908 1064 968 ante
1092 901 1208 968 ibidem
1237 903 1428 968 colebantur.

315 995 444 1078 Cyclum
472 993 656 1076 paschalem
685 1011 775 1074 quem
808 992 1015 1058 observabant
1046 989 1132 1057 inter
1165 1011 1196 1054 a.
1228 996 1460 1056 312—342.s

310 1083 433 1148 Romae
462 1088 497 1148 ut
529 1079 702 1164 lepitimum
735 1085 890 1162 receptum
923 1099 989 1144 esse
1022 1079 1264 1160 ounmutraot1,
1300 1100 1428 1161 cunque

310 1171 496 1251 retinebant,
521 1169 592 1235 licet
613 1167 697 1234 ratio
718 1169 888 1250 modusque
909 1167 1039 1234 interim
1059 1189 1124 1233 non
1138 1168 1232 1234 seusei
1245 1167 1292 1232 ibi
1305 1174 1428 1234 oculata

311 1265 422 1325 essent.
467 1257 520 1324 De
541 1257 624 1324 artis
647 1256 853 1340 picturaeque
874 1256 1000 1322 ratione
1028 1278 1092 1339 qua
1121 1257 1166 1322 ad
1193 1256 1313 1322 codices
1341 1278 1428 1322 ecor-

310 1349 436 1414 nondos
457 1348 635 1428 utebantur,
658 1352 801 1412 mouente
826 1345 943 1410 borum
971 1366 1078 1410 rerum
1106 1344 1198 1410 oiro²
1221 1345 1426 1428 peritissimo,

311 1436 394 1502 idem
420 1435 587 1502 dicendrnn
615 1441 669 1516 cst,
699 1434 818 1501 scilicet
846 1434 942 1500 etiarn
971 1435 1054 1500 banc
1082 1457 1104 1499 o
1126 1433 1285 1500 Romanis
1309 1435 1428 1500 Scottos
1446 1455 1473 1496 ιο

311 1523 468 1605 didicisse,
492 1525 548 1589 sed
569 1522 785 1604 deficientibus
813 1523 961 1604 exemplis
989 1522 1212 1606 mopistrisquc
1235 1529 1346 1606 postea
1375 1525 1427 1588 ab

310 1634 444 1694 errasse,
467 1611 654 1694 fortiterque
676 1631 756 1694 auae
778 1633 864 1678 nunc
889 1611 1004 1678 iterum
1028 1612 1191 1694 pullulare
1219 1611 1335 1694 incepit
1363 1610 1426 1694 opi·

310 1701 403 1766 nioni
424 1722 560 1767 vesonae
581 1707 692 1766 auctor
705 1722 793 1766 utens
810 1700 936 1782 obstitit,
953 1699 1047 1782 quasi
1062 1721 1100 1765 ea
1115 1701 1256 1784 Aepypto
1271 1699 1427 1782 oripinem

309 1789 383 1872 ipsa
405 1788 563 1856 bauissct.
608 1787 802 1872 Obtrurpiae
822 1809 942 1872 quoque
958 1789 1112 1872 peritiam
1126 1791 1290 1872 quandam
1306 1788 1426 1854 Colum·

310 1879 413 1944 bonus
440 1877 588 1944 babuisse
616 1877 749 1959 ridetur,
780 1878 810 1942 si
837 1877 942 1962 ipsius
971 1878 1143 1960 bioprapbo
1172 1877 1259 1943 credi
1286 1878 1342 1957 fos
1371 1883 1470 1959 est,1s

310 1966 444 2050 dipitum
465 1966 613 2032 monacbi
642 1967 726 2047 falce
754 1966 911 2034 abscisum
940 1967 1137 2048 frontemque
1166 1966 1300 2032 alterius
1329 1987 1425 2032 cuneo

309 2057 429 2122 laesam
451 2057 491 2120 ab
515 2077 549 2120 eo
572 2062 686 2122 curata
711 2057 807 2121 ossei.
852 2055 1001 2137 Denique
1028 2054 1096 2137 ipse
1125 2054 1262 2137 sociique
1291 2054 1360 2120 eius
1388 2055 1426 2120 de

308 2144 453 2210 societate
475 2143 619 2209 bumana
641 2143 754 2226 optime
779 2144 886 2210 meriti
914 2151 997 2226 suut,
1028 2143 1127 2210 siloem
1156 2146 1317 2209 caedentes
1345 2144 1425 2208 loco-

308 2253 366 2314 que
395 2235 519 2298 deserta
548 2233 689 2313 colentes,
718 2239 754 2296 ut
782 2233 867 2298 culta
895 2232 1131 2298 necessitatibus
1159 2232 1309 2297 trumonis
1337 2237 1425 2297 terra

307 2320 375 2386 iarn
397 2321 538 2387 serviret.
583 2320 773 2402 modurn,
796 2320 944 2400 Bobium,
970 2321 1003 2386 S.
1032 2320 1123 2386 Galli
1144 2320 1339 2386 monasteria
1367 2322 1424 2399 do
1443 2341 1470 2382 so

307 2409 489 2476 rectissimo
512 2410 591 2493 quid
612 2416 686 2475 onte
702 2409 821 2476 Scottos
843 2408 975 2490 fuerint,
999 2409 1082 2473 iusto
1096 2409 1168 2476 iure
1182 2409 1296 2492 euceri
1313 2415 1422 2490 potest,

308 2519 550 2581 responsumque
572 2498 722 2580 optimum
744 2497 921 2563 reddidisse
944 2497 1026 2562 mibi
1053 2497 1178 2564 uidetur
1199 2498 1251 2562 oir
1272 2497 1327 2562 ille
1356 2499 1423 2564 doc·

307 2587 449 2652 tissimus
482 2609 520 2652 esc
553 2589 662 2652 euclem
693 2592 784 2668 pente
810 2587 1029 2668 propmtus⁴.·
1063 2586 1165 2666 Quid,
1203 2586 1317 2668 inquit,
1356 2587 1423 2651 nisi

307 2676 455 2742 latibula
489 2678 657 2752 ferarum,
692 2695 780 2758 quse
815 2678 935 2759 postea
968 2697 1112 2741 amoena
1146 2681 1245 2742 erunt
1279 2677 1423 2740 humani

282 2766 472 2830 'consortii
507 2764 709 2840 diversorio,
740 2767 920 2846 postquam
952 2785 993 2828 eu
1021 2766 1132 2830 nostri
1161 2765 1278 2830 labore
1309 2771 1344 2830 et
1373 2766 1422 2828 in-
1441 2784 1467 2826 ss

308 2855 441 2918 dustria
464 2853 660 2918 exsolueret
709 2851 845 2936 Quippe
868 2853 1102 2918 Hibernorum
1125 2854 1224 2918 labor
1253 2857 1289 2920 ot
1319 2854 1422 2936 pussi-

307 2943 423 3006 monia
446 2951 480 3006 et
502 2943 613 3025 pietas
637 2942 814 3006 hominum
840 2945 975 3006 traxero
1004 2943 1251 3026 frequentium
1283 2942 1422 3008 scholae

306 3050 458 3095 umorem
492 3032 679 3104 suxerunt,
720 3030 921 3114 disciplinae
959 3032 1202 3110 reverentiam
1242 3031 1334 3096 unde
1373 3031 1422 3095 eis

306 3138 492 3200 eorumque
531 3118 708 3201 discipulis
743 3120 914 3184 commissi
948 3123 1031 3182 sunt
1064 3121 1139 3203 agri
1173 3120 1352 3185 excolendi
1386 3122 1422 3183 et

306 3207 411 3271 silvae
451 3206 676 3284 excidendse3
717 3210 895 3273 extructae
929 3211 1011 3272 sunt
1049 3210 1171 3272 domus
1205 3207 1421 3274 monasteriis
1441 3227 1468 3268 so

305 3297 534 3380 propinquse;
560 3295 684 3360 deinde
707 3296 811 3361 villae
836 3297 1004 3380 paulatim
1035 3318 1185 3372 creverc;
1217 3300 1253 3362 et
1283 3299 1421 3362 demum

304 3384 583 3448 immunitatibus
617 3385 720 3468 regiis
751 3386 1020 3468 opitulantibus,
1057 3386 1101 3450 ud
1137 3387 1316 3449 civitatum
1345 3386 1422 3449 iura

305 3474 341 3535 et
364 3472 552 3556 dignitates
575 3477 714 3538 evectae
737 3479 829 3538 sunt.

212 3601 286 3652 *μη
412 3576 522 3643 *Bello
557 3577 748 3643 Oolsnnbano
780 3579 920 3661 perenda
948 3579 1081 3657 ficerunt
1108 3585 1138 3642 et
1169 3577 1322 3642 intestina
1351 3599 1421 3643 curn

303 3664 398 3730 sociis
420 3672 450 3730 et
471 3673 603 3732 extruo
625 3687 695 3732 curn
718 3666 878 3748 episeopis,
902 3685 1041 3746 quaeque
1064 3667 1120 3730 sub
1142 3665 1211 3747 ipso
1234 3674 1422 3732 ecarseraut
1439 3687 1466 3728 ss

303 3755 412 3819 eadem
433 3754 471 3820 in
493 3775 684 3821 successores
705 3776 774 3820 unc
796 3776 867 3820 curn
888 3753 1013 3835 reliqua
1034 3753 1206 3818 hereditate
1232 3754 1419 3834 transfudit.

307 3841 370 3922 Qui
392 3863 462 3907 curn
484 3843 729 3925 diffiucltotibus
751 3864 816 3907 oon
838 3843 943 3907 eodem
964 3844 1056 3906 ruodo
1071 3862 1174 3925 poros
1196 3847 1305 3923 essent,
1322 3844 1420 3908 tradi-

303 4068 330 4137 1)
351 4069 395 4123 (Ν.
408 4069 501 4123 Arcto!
514 4069 566 4133 IX,
580 4070 639 4126 167.
695 4069 721 4134 2)
740 4068 874 4136 Sprinqer
892 4069 966 4134 opud
980 4067 1072 4134 Loofs,
1090 4069 1129 4120 De
1147 4071 1261 4137 antiqua
1276 4070 1420 4122 Britonum

302 4140 489 4205 scotorumque
506 4140 621 4204 ccdcsim
641 4139 720 4205 1888,
736 4155 765 4204 p.
780 4141 839 4194 119.
874 4140 950 4190 Inter
967 4146 1053 4192 arton
1070 4139 1209 4194 &auton
1226 4147 1250 4193 et
1267 4141 1419 4192 Romanam

302 4211 517 4262 necessitudinem
542 4210 679 4276 pandam
703 4211 863 4262 intercedere
886 4210 927 4262 ool
950 4211 983 4265 F.
1009 4211 1049 4265 W.
1074 4211 1172 4278 Unper,
1198 4211 1249 4264 ‘La
1273 4214 1419 4264 miniatnrs
1436 4226 1464 4266 co

301 4281 463 4333 Irlondaisc'
489 4281 597 4345 (‘Reoue
621 4279 737 4348 cultique’
762 4281 800 4335 col.
827 4281 932 4334 (isidor
958 4283 1035 4345 1870,
1058 4299 1089 4350 p.
1107 4285 1205 4350 8sqo.)
1231 4298 1284 4335 non
1312 4285 1419 4336 mnino
1589 4289 1592 4316 ⁴

301 4353 414 4416 nepaoit.
487 4350 516 4420 3)
541 4353 571 4406 V.
591 4351 706 4406 Columb.
722 4352 802 4417 I‚15.
874 4351 903 4422 4)
930 4352 1058 4416 O'Oonor,
1082 4353 1184 4406 &rum
1208 4354 1419 4407 thumr'corum

301 4423 444 4487 scrr'ptores
461 4428 565 4490 cetoros,
584 4423 815 4491 Buoleinplcamicc
834 4426 912 4490 1814,
931 4424 955 4490 I,
970 4441 1000 4491 p.
1013 4426 1074 4479 225.
