<?xml version="1.0" encoding="UTF-8"?>
<!DOCTYPE html PUBLIC "-//W3C//DTD XHTML 1.0 Transitional//EN"
    "http://www.w3.org/TR/xhtml1/DTD/xhtml1-transitional.dtd">
<html xmlns="http://www.w3.org/1999/xhtml" xml:lang="en" lang="en">
 <head>
  <title>
</title>
<meta http-equiv="Content-Type" content="text/html;charset=utf-8" />
  <meta name='ocr-system' content='tesseract 3.04.00' />
  <meta name='ocr-capabilities' content='ocr_page ocr_carea ocr_par ocr_line ocrx_word'/>
</head>
<body>
  <div class='ocr_page' id='page_1' title='image "./ionaevitaesanct00krusgoog_0311.png"; bbox 0 0 3226 5034; ppageno 0'>
   <div class='ocr_carea' id='block_1_1' title="bbox 353 1289 1246 1550">
    <p class='ocr_par' dir='ltr' id='par_1_1' title="bbox 353 1289 1246 1570">
     <span class='ocr_line' id='line_1_1' title="bbox 532 1289 1063 1388; baseline -0.004 0"><span class='ocrx_word' id='word_1_1' title='bbox 532 1289 692 1388; x_wconf 85' lang='lat' dir='ltr'>VITA</span> <span class='ocrx_word' id='word_1_2' title='bbox 721 1289 1063 1386; x_wconf 73' lang='lat' dir='ltr'><strong>&#39;VEDASTIS</strong></span> 
     </span>
     <span class='ocr_line' id='line_1_2' title="bbox 353 1451 1246 1550; baseline -0.001 -1"><span class='ocrx_word' id='word_1_3' title='bbox 353 1451 674 1550; x_wconf 84' lang='lat' dir='ltr'>EPISOOPI</span> <span class='ocrx_word' id='word_1_4' title='bbox 710 1451 1246 1550; x_wconf 83' lang='lat' dir='ltr'><strong>ATREBATENSIS.</strong></span> 
     </span>
    </p>
   </div>
   <div class='ocr_carea' id='block_1_2' title="bbox 190 1682 1360 3376">
    <p class='ocr_par' dir='ltr' id='par_1_2' title="bbox 190 1682 1360 3376">
     <span class='ocr_line' id='line_1_3' title="bbox 330 1682 1359 1779; baseline 0 -17"><span class='ocrx_word' id='word_1_5' title='bbox 330 1682 435 1763; x_wconf 74' lang='lat' dir='ltr'><em>*lsltu</em></span> <span class='ocrx_word' id='word_1_6' title='bbox 454 1697 621 1763; x_wconf 73' lang='lat' dir='ltr'><em>ls‘cclostis1</em></span> <span class='ocrx_word' id='word_1_7' title='bbox 637 1697 796 1778; x_wconf 76' lang='lat' dir='ltr'><em>uetustior,</em></span> <span class='ocrx_word' id='word_1_8' title='bbox 813 1697 898 1762; x_wconf 93' lang='lat' dir='ltr'><em>inter</em></span> <span class='ocrx_word' id='word_1_9' title='bbox 907 1697 1143 1779; x_wconf 72' lang='lat' dir='ltr'><em>uetlosusuu</em></span> <span class='ocrx_word' id='word_1_10' title='bbox 1157 1703 1359 1763; x_wconf 86' lang='lat' dir='ltr'><em>monumento</em></span> 
     </span>
     <span class='ocr_line' id='line_1_4' title="bbox 235 1786 1359 1870; baseline -0.001 -18"><span class='ocrx_word' id='word_1_11' title='bbox 235 1787 488 1870; x_wconf 71' lang='lat' dir='ltr'><em>laaioqrapliico</em></span> <span class='ocrx_word' id='word_1_12' title='bbox 511 1788 602 1869; x_wconf 73' lang='lat' dir='ltr'><em>oulyo</em></span> <span class='ocrx_word' id='word_1_13' title='bbox 626 1793 820 1866; x_wconf 87' lang='lat' dir='ltr'><em>enumerata,</em></span> <span class='ocrx_word' id='word_1_14' title='bbox 852 1807 951 1868; x_wconf 84' lang='lat' dir='ltr'><em>neque</em></span> <span class='ocrx_word' id='word_1_15' title='bbox 978 1809 999 1852; x_wconf 92' lang='lat' dir='ltr'><em>a</em></span> <span class='ocrx_word' id='word_1_16' title='bbox 1022 1786 1133 1852; x_wconf 89' lang='lat' dir='ltr'><em>clerico</em></span> <span class='ocrx_word' id='word_1_17' title='bbox 1155 1786 1359 1851; x_wconf 84' lang='lat' dir='ltr'><em>Atrebatensi</em></span> 
     </span>
     <span class='ocr_line' id='line_1_5' title="bbox 203 1875 1360 1958; baseline -0.003 -16"><span class='ocrx_word' id='word_1_18' title='bbox 203 1898 334 1958; x_wconf 79' lang='lat' dir='ltr'><em>sueque</em></span> <span class='ocrx_word' id='word_1_19' title='bbox 352 1898 432 1941; x_wconf 90' lang='lat' dir='ltr'><em>saec.</em></span> <span class='ocrx_word' id='word_1_20' title='bbox 458 1877 515 1941; x_wconf 85' lang='lat' dir='ltr'><em>VI.</em></span> <span class='ocrx_word' id='word_1_21' title='bbox 534 1875 706 1957; x_wconf 72' lang='lat' dir='ltr'><em>commosito</em></span> <span class='ocrx_word' id='word_1_22' title='bbox 729 1896 793 1940; x_wconf 85' lang='lat' dir='ltr'><em>esse</em></span> <span class='ocrx_word' id='word_1_23' title='bbox 810 1882 921 1957; x_wconf 77' lang='lat' dir='ltr'><em>potest,</em></span> <span class='ocrx_word' id='word_1_24' title='bbox 946 1897 1023 1940; x_wconf 91' lang='lat' dir='ltr'><em>nam</em></span> <span class='ocrx_word' id='word_1_25' title='bbox 1046 1881 1156 1940; x_wconf 90' lang='lat' dir='ltr'><em>auctor</em></span> <span class='ocrx_word' id='word_1_26' title='bbox 1171 1875 1360 1940; x_wconf 77' lang='lat' dir='ltr'><em>Atrebatum</em></span> 
     </span>
     <span class='ocr_line' id='line_1_6' title="bbox 235 1960 1359 2046; baseline -0.001 -16"><span class='ocrx_word' id='word_1_27' title='bbox 235 1968 343 2030; x_wconf 83' lang='lat' dir='ltr'><em>urbem</em></span> <span class='ocrx_word' id='word_1_28' title='bbox 373 1966 420 2029; x_wconf 92' lang='lat' dir='ltr'><em>oel</em></span> <span class='ocrx_word' id='word_1_29' title='bbox 450 1964 599 2046; x_wconf 75' lang='lat' dir='ltr'><em>onpiolum</em></span> <span class='ocrx_word' id='word_1_30' title='bbox 631 1963 780 2029; x_wconf 80' lang='lat' dir='ltr'><em>‘eandem&#39;</em></span> <span class='ocrx_word' id='word_1_31' title='bbox 806 1963 846 2044; x_wconf 93' lang='lat' dir='ltr'><em>(c.</em></span> <span class='ocrx_word' id='word_1_32' title='bbox 874 1963 910 2045; x_wconf 88' lang='grc'><em>8)</em></span> <span class='ocrx_word' id='word_1_33' title='bbox 934 1964 982 2029; x_wconf 91' lang='lat' dir='ltr'><em>oel</em></span> <span class='ocrx_word' id='word_1_34' title='bbox 1006 1963 1105 2028; x_wconf 80' lang='lat' dir='ltr'><em>‘illuct’</em></span> <span class='ocrx_word' id='word_1_35' title='bbox 1131 1960 1168 2045; x_wconf 85' lang='lat' dir='ltr'><em>(c.</em></span> <span class='ocrx_word' id='word_1_36' title='bbox 1196 1963 1228 2046; x_wconf 84' lang='lat'><em>9)</em></span> <span class='ocrx_word' id='word_1_37' title='bbox 1260 1985 1359 2045; x_wconf 80' lang='lat' dir='ltr'><em>neque</em></span> 
     </span>
     <span class='ocr_line' id='line_1_7' title="bbox 237 2052 1357 2135; baseline -0.002 -17"><span class='ocrx_word' id='word_1_38' title='bbox 237 2054 338 2119; x_wconf 80' lang='lat' dir='ltr'><em>‘lanc&#39;</em></span> <span class='ocrx_word' id='word_1_39' title='bbox 369 2055 416 2118; x_wconf 87' lang='lat' dir='ltr'><em>cel</em></span> <span class='ocrx_word' id='word_1_40' title='bbox 447 2052 522 2118; x_wconf 79' lang='lat' dir='ltr'><em>‘lcoc&#39;</em></span> <span class='ocrx_word' id='word_1_41' title='bbox 555 2053 721 2134; x_wconf 75' lang='lat' dir='ltr'><em>appellans</em></span> <span class='ocrx_word' id='word_1_42' title='bbox 754 2053 910 2135; x_wconf 74' lang='lat' dir='ltr'><em>indiyena</em></span> <span class='ocrx_word' id='word_1_43' title='bbox 943 2053 1074 2117; x_wconf 93' lang='lat' dir='ltr'><em>minime</em></span> <span class='ocrx_word' id='word_1_44' title='bbox 1108 2053 1270 2118; x_wconf 82' lang='lat' dir='ltr'><em>liabenolus</em></span> <span class='ocrx_word' id='word_1_45' title='bbox 1304 2059 1357 2134; x_wconf 86' lang='lat' dir='ltr'><em>est,</em></span> 
     </span>
     <span class='ocr_line' id='line_1_8' title="bbox 236 2141 1358 2224; baseline -0.002 -17"><span class='ocrx_word' id='word_1_46' title='bbox 236 2163 365 2224; x_wconf 77' lang='lat' dir='ltr'><em>cumque</em></span> <span class='ocrx_word' id='word_1_47' title='bbox 389 2143 490 2207; x_wconf 89' lang='lat' dir='ltr'><em>Ionae</em></span> <span class='ocrx_word' id='word_1_48' title='bbox 514 2141 679 2223; x_wconf 72' lang='lat' dir='ltr'><em>peculiare</em></span> <span class='ocrx_word' id='word_1_49' title='bbox 701 2141 885 2206; x_wconf 76' lang='lat' dir='ltr'><em>elocutionis</em></span> <span class='ocrx_word' id='word_1_50' title='bbox 912 2163 1012 2223; x_wconf 71' lang='lat' dir='ltr'><em>oenus</em></span> <span class='ocrx_word' id='word_1_51' title='bbox 1034 2141 1082 2206; x_wconf 93' lang='lat' dir='ltr'><em>ita</em></span> <span class='ocrx_word' id='word_1_52' title='bbox 1105 2143 1285 2206; x_wconf 86' lang='lat' dir='ltr'><em>subsecutus</em></span> <span class='ocrx_word' id='word_1_53' title='bbox 1306 2141 1358 2224; x_wconf 85' lang='lat' dir='ltr'><em>sit,</em></span> 
     </span>
     <span class='ocr_line' id='line_1_9' title="bbox 235 2229 1359 2313; baseline -0.001 -17"><span class='ocrx_word' id='word_1_54' title='bbox 235 2239 272 2296; x_wconf 91' lang='lat' dir='ltr'><em>ut</em></span> <span class='ocrx_word' id='word_1_55' title='bbox 293 2234 380 2313; x_wconf 69' lang='lat' dir='ltr'><em>anull</em></span> <span class='ocrx_word' id='word_1_56' title='bbox 400 2237 567 2312; x_wconf 78' lang='lat' dir='ltr'><em>utrumque</em></span> <span class='ocrx_word' id='word_1_57' title='bbox 590 2230 672 2294; x_wconf 93' lang='lat' dir='ltr'><em>iolem</em></span> <span class='ocrx_word' id='word_1_58' title='bbox 695 2231 885 2296; x_wconf 76' lang='lat' dir='ltr'><em>miraculum</em></span> <span class='ocrx_word' id='word_1_59' title='bbox 905 2232 1027 2312; x_wconf 76' lang='lat' dir='ltr'><em>leantur</em></span> <span class='ocrx_word' id='word_1_60' title='bbox 1042 2230 1154 2294; x_wconf 83' lang='lat' dir='ltr'><em>iisdem</em></span> <span class='ocrx_word' id='word_1_61' title='bbox 1172 2231 1240 2310; x_wconf 78' lang='lat' dir='ltr'><em>fere</em></span> <span class='ocrx_word' id='word_1_62' title='bbox 1255 2229 1359 2295; x_wconf 84' lang='lat' dir='ltr'><em>uerbis</em></span> 
     </span>
     <span class='ocr_line' id='line_1_10' title="bbox 190 2318 1359 2402; baseline -0.002 -16"><span class='ocrx_word' id='word_1_63' title='bbox 190 2327 432 2402; x_wconf 64' lang='lat' dir='ltr'><em>mortariolum,</em></span> <span class='ocrx_word' id='word_1_64' title='bbox 457 2341 538 2384; x_wconf 88' lang='lat' dir='ltr'><em>saec.</em></span> <span class='ocrx_word' id='word_1_65' title='bbox 563 2319 645 2384; x_wconf 86' lang='lat' dir='ltr'><strong><em>VII.</em></strong></span> <span class='ocrx_word' id='word_1_66' title='bbox 671 2326 728 2384; x_wconf 90' lang='lat' dir='ltr'><em>out</em></span> <span class='ocrx_word' id='word_1_67' title='bbox 742 2325 855 2402; x_wconf 77' lang='lat' dir='ltr'><em>postea</em></span> <span class='ocrx_word' id='word_1_68' title='bbox 878 2321 1015 2401; x_wconf 71' lang='lat' dir='ltr'><em>decebat.</em></span> <span class='ocrx_word' id='word_1_69' title='bbox 1062 2319 1150 2383; x_wconf 84' lang='lat' dir='ltr'><em>Erat</em></span> <span class='ocrx_word' id='word_1_70' title='bbox 1170 2318 1271 2400; x_wconf 70' lang='lat' dir='ltr'><em>icitur</em></span> <span class='ocrx_word' id='word_1_71' title='bbox 1293 2318 1359 2384; x_wconf 88' lang='lat' dir='ltr'><em>nisi</em></span> 
     </span>
     <span class='ocr_line' id='line_1_11' title="bbox 236 2407 1359 2490; baseline -0.001 -17"><span class='ocrx_word' id='word_1_72' title='bbox 236 2409 303 2490; x_wconf 76' lang='lat' dir='ltr'><em>inse</em></span> <span class='ocrx_word' id='word_1_73' title='bbox 324 2407 512 2474; x_wconf 81' lang='lat' dir='ltr'><em>Columlani</em></span> <span class='ocrx_word' id='word_1_74' title='bbox 536 2407 738 2490; x_wconf 73' lang='lat' dir='ltr'><em>licaraplius,</em></span> <span class='ocrx_word' id='word_1_75' title='bbox 764 2414 844 2474; x_wconf 92' lang='lat' dir='ltr'><em>certe</em></span> <span class='ocrx_word' id='word_1_76' title='bbox 867 2407 1109 2472; x_wconf 88' lang='lat' dir='ltr'><em>imitatoreius.</em></span> <span class='ocrx_word' id='word_1_77' title='bbox 1154 2407 1232 2474; x_wconf 64' lang='lat' dir='ltr'><em>(lim</em></span> <span class='ocrx_word' id='word_1_78' title='bbox 1255 2415 1359 2473; x_wconf 90' lang='lat' dir='ltr'><em>autem</em></span> 
     </span>
     <span class='ocr_line' id='line_1_12' title="bbox 237 2496 1359 2580; baseline 0 -18"><span class='ocrx_word' id='word_1_79' title='bbox 237 2505 361 2578; x_wconf 85' lang='lat' dir='ltr'><em>constet,</em></span> <span class='ocrx_word' id='word_1_80' title='bbox 387 2499 503 2562; x_wconf 91' lang='lat' dir='ltr'><em>Ionam</em></span> <span class='ocrx_word' id='word_1_81' title='bbox 519 2498 677 2562; x_wconf 63' lang='lat' dir='ltr'><em>Amunclo,</em></span> <span class='ocrx_word' id='word_1_82' title='bbox 693 2497 834 2580; x_wconf 72' lang='lat' dir='ltr'><em>episcopo</em></span> <span class='ocrx_word' id='word_1_83' title='bbox 853 2499 897 2562; x_wconf 91' lang='lat' dir='ltr'><em>ool</em></span> <span class='ocrx_word' id='word_1_84' title='bbox 918 2499 1014 2578; x_wconf 74' lang='lat' dir='ltr'><em>ficiem</em></span> <span class='ocrx_word' id='word_1_85' title='bbox 1037 2496 1248 2562; x_wconf 81' lang='lat' dir='ltr'><em>cliristianam</em></span> <span class='ocrx_word' id='word_1_86' title='bbox 1264 2518 1359 2578; x_wconf 72' lang='lat' dir='ltr'><em>urae-</em></span> 
     </span>
     <span class='ocr_line' id='line_1_13' title="bbox 237 2585 1358 2668; baseline -0.002 -16"><span class='ocrx_word' id='word_1_87' title='bbox 237 2586 409 2652; x_wconf 80' lang='lat' dir='ltr'><em>clicanclam</em></span> <span class='ocrx_word' id='word_1_88' title='bbox 433 2586 619 2652; x_wconf 83' lang='lat' dir='ltr'><em>adiunctum</em></span> <span class='ocrx_word' id='word_1_89' title='bbox 642 2608 707 2651; x_wconf 95' lang='lat' dir='ltr'><em>non</em></span> <span class='ocrx_word' id='word_1_90' title='bbox 729 2587 829 2652; x_wconf 88' lang='lat' dir='ltr'><em>solnm</em></span> <span class='ocrx_word' id='word_1_91' title='bbox 854 2586 995 2651; x_wconf 79' lang='lat' dir='ltr'><em>Scalclim</em></span> <span class='ocrx_word' id='word_1_92' title='bbox 1018 2585 1162 2668; x_wconf 79' lang='lat' dir='ltr'><em>fluuium,</em></span> <span class='ocrx_word' id='word_1_93' title='bbox 1187 2585 1358 2651; x_wconf 82' lang='lat' dir='ltr'><em>sedetiam</em></span> 
     </span>
     <span class='ocr_line' id='line_1_14' title="bbox 239 2674 1359 2758; baseline -0.002 -18"><span class='ocrx_word' id='word_1_94' title='bbox 239 2676 411 2741; x_wconf 80' lang='lat' dir='ltr'><em>Scarloom</em></span> <span class='ocrx_word' id='word_1_95' title='bbox 434 2676 539 2740; x_wconf 87' lang='lat' dir='ltr'><em>rionm</em></span> <span class='ocrx_word' id='word_1_96' title='bbox 562 2675 730 2758; x_wconf 73' lang='lat' dir='ltr'><em>naoiyassc</em></span> <span class='ocrx_word' id='word_1_97' title='bbox 760 2697 793 2740; x_wconf 90' lang='lat' dir='ltr'><em>eo</em></span> <span class='ocrx_word' id='word_1_98' title='bbox 822 2682 965 2758; x_wconf 79' lang='lat' dir='ltr'><em>tempore,</em></span> <span class='ocrx_word' id='word_1_99' title='bbox 996 2696 1056 2756; x_wconf 83' lang='lat' dir='ltr'><em>qno</em></span> <span class='ocrx_word' id='word_1_100' title='bbox 1085 2675 1122 2740; x_wconf 91' lang='lat' dir='ltr'><em>in</em></span> <span class='ocrx_word' id='word_1_101' title='bbox 1150 2674 1359 2740; x_wconf 78' lang='lat' dir='ltr'><em>Columbani²</em></span> 
     </span>
     <span class='ocr_line' id='line_1_15' title="bbox 192 2764 1358 2847; baseline -0.003 -16"><span class='ocrx_word' id='word_1_102' title='bbox 192 2792 218 2832; x_wconf 75' lang='lat'><em>15</em></span> <span class='ocrx_word' id='word_1_103' title='bbox 244 2765 319 2830; x_wconf 88' lang='lat' dir='ltr'><em>Vita</em></span> <span class='ocrx_word' id='word_1_104' title='bbox 342 2764 548 2830; x_wconf 82' lang='lat' dir='ltr'><em>describenda</em></span> <span class='ocrx_word' id='word_1_105' title='bbox 564 2772 730 2846; x_wconf 73' lang='lat' dir='ltr'><em>occupatus</em></span> <span class='ocrx_word' id='word_1_106' title='bbox 745 2771 823 2847; x_wconf 82' lang='lat' dir='ltr'><em>erat,</em></span> <span class='ocrx_word' id='word_1_107' title='bbox 839 2764 862 2829; x_wconf 91' lang='lat' dir='ltr'><em>i.</em></span> <span class='ocrx_word' id='word_1_108' title='bbox 880 2787 904 2829; x_wconf 88' lang='lat' dir='ltr'><em>e.</em></span> <span class='ocrx_word' id='word_1_109' title='bbox 923 2765 1009 2829; x_wconf 91' lang='lat' dir='ltr'><em>circa</em></span> <span class='ocrx_word' id='word_1_110' title='bbox 1025 2787 1056 2829; x_wconf 92' lang='lat' dir='ltr'><em>o.</em></span> <span class='ocrx_word' id='word_1_111' title='bbox 1074 2771 1148 2845; x_wconf 78' lang='lat'><em>642,</em></span> <span class='ocrx_word' id='word_1_112' title='bbox 1172 2764 1358 2828; x_wconf 81' lang='lat' dir='ltr'><em>Atrebatum</em></span> 
     </span>
     <span class='ocr_line' id='line_1_16' title="bbox 236 2851 1359 2935; baseline -0.002 -17"><span class='ocrx_word' id='word_1_113' title='bbox 236 2855 345 2918; x_wconf 86' lang='lat' dir='ltr'><em>urlem</em></span> <span class='ocrx_word' id='word_1_114' title='bbox 368 2857 413 2918; x_wconf 81' lang='lat' dir='ltr'><em>acl</em></span> <span class='ocrx_word' id='word_1_115' title='bbox 434 2855 566 2918; x_wconf 81' lang='lat' dir='ltr'><em>cundem</em></span> <span class='ocrx_word' id='word_1_116' title='bbox 596 2853 702 2917; x_wconf 90' lang='lat' dir='ltr'><em>ricum</em></span> <span class='ocrx_word' id='word_1_117' title='bbox 729 2853 825 2918; x_wconf 84' lang='lat' dir='ltr'><em>sitam</em></span> <span class='ocrx_word' id='word_1_118' title='bbox 848 2853 977 2935; x_wconf 74' lang='lat' dir='ltr'><em>naoiaio</em></span> <span class='ocrx_word' id='word_1_119' title='bbox 1001 2859 1075 2916; x_wconf 90' lang='lat' dir='ltr'><em>tunc</em></span> <span class='ocrx_word' id='word_1_120' title='bbox 1097 2852 1194 2932; x_wconf 87' lang='lat' dir='ltr'><em>facile</em></span> <span class='ocrx_word' id='word_1_121' title='bbox 1218 2851 1359 2933; x_wconf 73' lang='lat' dir='ltr'><em>attiaisse</em></span> 
     </span>
     <span class='ocr_line' id='line_1_17' title="bbox 230 2940 1358 3023; baseline -0.002 -17"><span class='ocrx_word' id='word_1_122' title='bbox 230 2949 366 3023; x_wconf 70' lang='lat' dir='ltr'><em>poterat.</em></span> <span class='ocrx_word' id='word_1_123' title='bbox 418 2943 523 3023; x_wconf 72' lang='lat' dir='ltr'><em>Quare</em></span> <span class='ocrx_word' id='word_1_124' title='bbox 552 2941 634 3005; x_wconf 81' lang='lat' dir='ltr'><em>milii</em></span> <span class='ocrx_word' id='word_1_125' title='bbox 664 2941 788 3022; x_wconf 77' lang='lat' dir='ltr'><em>quictem</em></span> <span class='ocrx_word' id='word_1_126' title='bbox 813 2963 1002 3022; x_wconf 76' lang='lat' dir='ltr'><em>persuasum</em></span> <span class='ocrx_word' id='word_1_127' title='bbox 1034 2947 1086 3020; x_wconf 79' lang='lat' dir='ltr'><em>est,</em></span> <span class='ocrx_word' id='word_1_128' title='bbox 1117 2940 1358 3004; x_wconf 82' lang='lat' dir='ltr'><em>similitudimem</em></span> 
     </span>
     <span class='ocr_line' id='line_1_18' title="bbox 237 3029 1356 3111; baseline -0.002 -17"><span class='ocrx_word' id='word_1_129' title='bbox 237 3052 316 3110; x_wconf 81' lang='lat' dir='ltr'><em>cani,</em></span> <span class='ocrx_word' id='word_1_130' title='bbox 340 3051 421 3111; x_wconf 80' lang='lat' dir='ltr'><em>quae</em></span> <span class='ocrx_word' id='word_1_131' title='bbox 444 3031 529 3094; x_wconf 92' lang='lat' dir='ltr'><em>inter</em></span> <span class='ocrx_word' id='word_1_132' title='bbox 551 3036 718 3110; x_wconf 78' lang='lat' dir='ltr'><em>utramque</em></span> <span class='ocrx_word' id='word_1_133' title='bbox 741 3029 847 3092; x_wconf 89' lang='lat' dir='ltr'><em>Vitam</em></span> <span class='ocrx_word' id='word_1_134' title='bbox 865 3029 1040 3108; x_wconf 74' lang='lat' dir='ltr'><em>intercedit,</em></span> <span class='ocrx_word' id='word_1_135' title='bbox 1064 3029 1139 3092; x_wconf 83' lang='lat' dir='ltr'><em>inclc</em></span> <span class='ocrx_word' id='word_1_136' title='bbox 1158 3035 1259 3093; x_wconf 91' lang='lat' dir='ltr'><em>ortam</em></span> <span class='ocrx_word' id='word_1_137' title='bbox 1283 3049 1356 3110; x_wconf 82' lang='lat' dir='ltr'><em>esse,</em></span> 
     </span>
     <span class='ocr_line' id='line_1_19' title="bbox 237 3117 1358 3199; baseline -0.001 -17"><span class='ocrx_word' id='word_1_138' title='bbox 237 3121 320 3199; x_wconf 82' lang='lat' dir='ltr'><em>quoi</em></span> <span class='ocrx_word' id='word_1_139' title='bbox 341 3124 474 3198; x_wconf 78' lang='lat' dir='ltr'><em>utraque</em></span> <span class='ocrx_word' id='word_1_140' title='bbox 504 3119 609 3182; x_wconf 73' lang='lat' dir='ltr'><em>coelem</em></span> <span class='ocrx_word' id='word_1_141' title='bbox 637 3117 706 3196; x_wconf 81' lang='lat' dir='ltr'><em>fere</em></span> <span class='ocrx_word' id='word_1_142' title='bbox 729 3123 862 3198; x_wconf 80' lang='lat' dir='ltr'><em>tempore</em></span> <span class='ocrx_word' id='word_1_143' title='bbox 892 3119 932 3181; x_wconf 85' lang='lat' dir='ltr'><em>ab</em></span> <span class='ocrx_word' id='word_1_144' title='bbox 959 3138 1023 3180; x_wconf 96' lang='lat' dir='ltr'><em>uno</em></span> <span class='ocrx_word' id='word_1_145' title='bbox 1046 3119 1209 3198; x_wconf 72' lang='lat' dir='ltr'><em>collemque</em></span> <span class='ocrx_word' id='word_1_146' title='bbox 1232 3123 1358 3182; x_wconf 91' lang='lat' dir='ltr'><em>anctore</em></span> 
     </span>
     <span class='ocr_line' id='line_1_20' title="bbox 192 3205 1356 3288; baseline -0.005 -14"><span class='ocrx_word' id='word_1_147' title='bbox 192 3235 219 3274; x_wconf 79' lang='lat'><em>20</em></span> <span class='ocrx_word' id='word_1_148' title='bbox 238 3205 365 3270; x_wconf 80' lang='lat' dir='ltr'><em>counito</em></span> <span class='ocrx_word' id='word_1_149' title='bbox 381 3212 434 3286; x_wconf 78' lang='lat' dir='ltr'><em>cst,</em></span> <span class='ocrx_word' id='word_1_150' title='bbox 451 3212 708 3288; x_wconf 65' lang='lat' dir='ltr'><em>ornamentaque7</em></span> <span class='ocrx_word' id='word_1_151' title='bbox 727 3225 807 3286; x_wconf 82' lang='lat' dir='ltr'><em>qnae</em></span> <span class='ocrx_word' id='word_1_152' title='bbox 823 3205 967 3269; x_wconf 83' lang='lat' dir='ltr'><em>antelios</em></span> <span class='ocrx_word' id='word_1_153' title='bbox 983 3225 1086 3269; x_wconf 90' lang='lat' dir='ltr'><em>annos</em></span> <span class='ocrx_word' id='word_1_154' title='bbox 1095 3225 1327 3288; x_wconf 77' lang='lat' dir='ltr'><em>proposueram</em></span> <span class='ocrx_word' id='word_1_155' title='bbox 1335 3206 1356 3286; x_wconf 73' lang='lat'><em>³,</em></span> 
     </span>
     <span class='ocr_line' id='line_1_21' title="bbox 237 3292 1357 3376; baseline 0 -18"><span class='ocrx_word' id='word_1_156' title='bbox 237 3295 284 3358; x_wconf 91' lang='lat' dir='ltr'><em>oel</em></span> <span class='ocrx_word' id='word_1_157' title='bbox 307 3294 489 3358; x_wconf 84' lang='lat' dir='ltr'><em>aclocrsarii</em></span> <span class='ocrx_word' id='word_1_158' title='bbox 512 3293 574 3358; x_wconf 92' lang='lat' dir='ltr'><em>mei</em></span> <span class='ocrx_word' id='word_1_159' title='bbox 597 3294 882 3376; x_wconf 58' lang='lat' dir='ltr'><em>apmolacernntt.</em></span> <span class='ocrx_word' id='word_1_160' title='bbox 928 3292 1136 3375; x_wconf 74' lang='lat' dir='ltr'><em>Bioaraplus</em></span> <span class='ocrx_word' id='word_1_161' title='bbox 1165 3295 1204 3358; x_wconf 86' lang='lat' dir='ltr'><em>ul</em></span> <span class='ocrx_word' id='word_1_162' title='bbox 1236 3293 1357 3375; x_wconf 76' lang='lat' dir='ltr'><em>enneli-</em></span> 
     </span>
    </p>
   </div>
   <div class='ocr_carea' id='block_1_3' title="bbox 190 3491 1357 4343">
    <p class='ocr_par' dir='ltr' id='par_1_3' title="bbox 190 3491 1357 4343">
     <span class='ocr_line' id='line_1_22' title="bbox 238 3491 1355 3564; baseline -0.002 -18"><span class='ocrx_word' id='word_1_163' title='bbox 238 3494 264 3564; x_wconf 83' lang='lat' dir='ltr'><em>l)</em></span> <span class='ocrx_word' id='word_1_164' title='bbox 283 3495 328 3546; x_wconf 89' lang='lat' dir='ltr'><em>Ito</em></span> <span class='ocrx_word' id='word_1_165' title='bbox 347 3511 440 3546; x_wconf 86' lang='lat' dir='ltr'><em>nomon</em></span> <span class='ocrx_word' id='word_1_166' title='bbox 461 3497 611 3561; x_wconf 80' lang='lat' dir='ltr'><em>antiquitus</em></span> <span class='ocrx_word' id='word_1_167' title='bbox 629 3493 794 3546; x_wconf 70' lang='lat' dir='ltr'><em>scribebatur</em></span> <span class='ocrx_word' id='word_1_168' title='bbox 809 3492 948 3561; x_wconf 77' lang='lat' dir='ltr'><em>(Vadastis</em></span> <span class='ocrx_word' id='word_1_169' title='bbox 964 3493 1003 3546; x_wconf 84' lang='lat' dir='ltr'><em>ool</em></span> <span class='ocrx_word' id='word_1_170' title='bbox 1014 3491 1136 3546; x_wconf 82' lang='lat' dir='ltr'><em>Vidastis</em></span> <span class='ocrx_word' id='word_1_171' title='bbox 1149 3494 1237 3559; x_wconf 62' lang='lat' dir='ltr'><em>Grec,</em></span> <span class='ocrx_word' id='word_1_172' title='bbox 1257 3493 1293 3548; x_wconf 89' lang='lat' dir='ltr'><em>H.</em></span> <span class='ocrx_word' id='word_1_173' title='bbox 1306 3495 1355 3550; x_wconf 81' lang='lat' dir='ltr'><em>Fr.</em></span> 
     </span>
     <span class='ocr_line' id='line_1_23' title="bbox 240 3564 1357 3633; baseline 0.002 -17"><span class='ocrx_word' id='word_1_174' title='bbox 240 3567 304 3632; x_wconf 88' lang='lat' dir='ltr'><strong><em>VII,</em></strong></span> <span class='ocrx_word' id='word_1_175' title='bbox 317 3570 356 3633; x_wconf 88' lang='lat'><em>3),</em></span> <span class='ocrx_word' id='word_1_176' title='bbox 374 3572 464 3632; x_wconf 84' lang='lat' dir='ltr'><em>posteo</em></span> <span class='ocrx_word' id='word_1_177' title='bbox 482 3582 542 3618; x_wconf 91' lang='lat' dir='ltr'><em>oero</em></span> <span class='ocrx_word' id='word_1_178' title='bbox 554 3564 700 3632; x_wconf 74' lang='lat' dir='ltr'><em>vedastus,</em></span> <span class='ocrx_word' id='word_1_179' title='bbox 721 3571 798 3631; x_wconf 81' lang='lat' dir='ltr'><em>atque</em></span> <span class='ocrx_word' id='word_1_180' title='bbox 815 3568 846 3616; x_wconf 91' lang='lat' dir='ltr'><em>in</em></span> <span class='ocrx_word' id='word_1_181' title='bbox 865 3565 996 3617; x_wconf 83' lang='lat' dir='ltr'><em>codicibus</em></span> <span class='ocrx_word' id='word_1_182' title='bbox 1012 3566 1086 3617; x_wconf 85' lang='lat' dir='ltr'><em>Vitae</em></span> <span class='ocrx_word' id='word_1_183' title='bbox 1104 3567 1287 3617; x_wconf 85' lang='lat' dir='ltr'><em>uetustissimis</em></span> <span class='ocrx_word' id='word_1_184' title='bbox 1305 3572 1357 3618; x_wconf 88' lang='lat' dir='ltr'><em>ter·</em></span> 
     </span>
     <span class='ocr_line' id='line_1_24' title="bbox 236 3633 1355 3704; baseline 0 -16"><span class='ocrx_word' id='word_1_185' title='bbox 236 3641 290 3689; x_wconf 89' lang='lat' dir='ltr'><em>tiae</em></span> <span class='ocrx_word' id='word_1_186' title='bbox 314 3638 498 3690; x_wconf 74' lang='lat' dir='ltr'><em>declinationis</em></span> <span class='ocrx_word' id='word_1_187' title='bbox 522 3639 627 3702; x_wconf 77' lang='lat' dir='ltr'><em>formae</em></span> <span class='ocrx_word' id='word_1_188' title='bbox 652 3638 690 3702; x_wconf 77' lang='lat' dir='ltr'><em>(A</em></span> <span class='ocrx_word' id='word_1_189' title='bbox 707 3639 741 3691; x_wconf 91' lang='lat' dir='ltr'><em>la</em></span> <span class='ocrx_word' id='word_1_190' title='bbox 765 3653 834 3690; x_wconf 88' lang='lat' dir='ltr'><em>nom.</em></span> <span class='ocrx_word' id='word_1_191' title='bbox 854 3643 877 3687; x_wconf 87' lang='lat' dir='ltr'><em>ot</em></span> <span class='ocrx_word' id='word_1_192' title='bbox 893 3653 951 3701; x_wconf 72' lang='lat' dir='ltr'><em>aen.</em></span> <span class='ocrx_word' id='word_1_193' title='bbox 966 3633 1101 3702; x_wconf 58' lang='lat' dir='ltr'><em>Vadastia</em></span> <span class='ocrx_word' id='word_1_194' title='bbox 1125 3651 1177 3691; x_wconf 84' lang='lat' dir='ltr'><em>acc.</em></span> <span class='ocrx_word' id='word_1_195' title='bbox 1192 3635 1355 3704; x_wconf 80' lang='lat' dir='ltr'><em>Vedastcm3</em></span> 
     </span>
     <span class='ocr_line' id='line_1_25' title="bbox 190 3706 1356 3776; baseline -0.002 -14"><span class='ocrx_word' id='word_1_196' title='bbox 190 3723 216 3762; x_wconf 77' lang='lat'><em>25</em></span> <span class='ocrx_word' id='word_1_197' title='bbox 236 3709 262 3760; x_wconf 93' lang='lat' dir='ltr'><em>B</em></span> <span class='ocrx_word' id='word_1_198' title='bbox 276 3712 299 3763; x_wconf 90' lang='lat'><em>1.</em></span> <span class='ocrx_word' id='word_1_199' title='bbox 319 3725 371 3762; x_wconf 84' lang='lat' dir='ltr'><em>aco.</em></span> <span class='ocrx_word' id='word_1_200' title='bbox 385 3707 583 3776; x_wconf 76' lang='lat' dir='ltr'><em>Vla)edastem‚</em></span> <span class='ocrx_word' id='word_1_201' title='bbox 610 3709 661 3761; x_wconf 88' lang='lat' dir='ltr'><em>obl.</em></span> <span class='ocrx_word' id='word_1_202' title='bbox 683 3706 814 3776; x_wconf 80' lang='lat' dir='ltr'><em>Vedaste)</em></span> <span class='ocrx_word' id='word_1_203' title='bbox 838 3709 956 3760; x_wconf 85' lang='lat' dir='ltr'><em>nondum</em></span> <span class='ocrx_word' id='word_1_204' title='bbox 982 3723 1070 3760; x_wconf 87' lang='lat' dir='ltr'><em>omnes</em></span> <span class='ocrx_word' id='word_1_205' title='bbox 1094 3710 1215 3760; x_wconf 79' lang='lat' dir='ltr'><em>inmunia</em></span> <span class='ocrx_word' id='word_1_206' title='bbox 1240 3710 1356 3760; x_wconf 79' lang='lat' dir='ltr'><em>secundo</em></span> 
     </span>
     <span class='ocr_line' id='line_1_26' title="bbox 236 3779 1357 3848; baseline 0.001 -18"><span class='ocrx_word' id='word_1_207' title='bbox 236 3781 350 3832; x_wconf 80' lang='lat' dir='ltr'><em>abolitae</em></span> <span class='ocrx_word' id='word_1_208' title='bbox 361 3787 432 3834; x_wconf 88' lang='lat' dir='ltr'><em>sunt.</em></span> <span class='ocrx_word' id='word_1_209' title='bbox 461 3780 561 3832; x_wconf 89' lang='lat' dir='ltr'><em>Nomen</em></span> <span class='ocrx_word' id='word_1_210' title='bbox 576 3779 765 3831; x_wconf 74' lang='lat' dir='ltr'><em>Germanicum</em></span> <span class='ocrx_word' id='word_1_211' title='bbox 773 3779 933 3845; x_wconf 79' lang='lat' dir='ltr'><em>productius</em></span> <span class='ocrx_word' id='word_1_212' title='bbox 947 3779 1178 3845; x_wconf 84' lang='lat' dir='ltr'><em>pronuntiabatur</em></span> <span class='ocrx_word' id='word_1_213' title='bbox 1188 3779 1357 3848; x_wconf 75' lang='lat' dir='ltr'><em>Widugostio</em></span> 
     </span>
     <span class='ocr_line' id='line_1_27' title="bbox 235 3849 1357 3917; baseline 0.001 -16"><span class='ocrx_word' id='word_1_214' title='bbox 235 3852 289 3914; x_wconf 89' lang='lat' dir='ltr'><em>(ita</em></span> <span class='ocrx_word' id='word_1_215' title='bbox 302 3851 445 3916; x_wconf 75' lang='lat' dir='ltr'><em>Proloa.I.</em></span> <span class='ocrx_word' id='word_1_216' title='bbox 465 3851 546 3916; x_wconf 67' lang='lat' dir='ltr'><em>Leuis</em></span> <span class='ocrx_word' id='word_1_217' title='bbox 563 3849 676 3916; x_wconf 82' lang='lat' dir='ltr'><em>Sulicac,</em></span> <span class='ocrx_word' id='word_1_218' title='bbox 695 3851 733 3904; x_wconf 83' lang='lat' dir='ltr'><em>cd.</em></span> <span class='ocrx_word' id='word_1_219' title='bbox 749 3851 859 3915; x_wconf 77' lang='lat' dir='ltr'><em>Gefflcon</em></span> <span class='ocrx_word' id='word_1_220' title='bbox 874 3853 973 3917; x_wconf 61' lang='lat'><em>1295),</em></span> <span class='ocrx_word' id='word_1_221' title='bbox 991 3856 1110 3902; x_wconf 87' lang='lat' dir='ltr'><em>monento</em></span> <span class='ocrx_word' id='word_1_222' title='bbox 1127 3851 1242 3914; x_wconf 80' lang='lat' dir='ltr'><em>Alsrcdo</em></span> <span class='ocrx_word' id='word_1_223' title='bbox 1254 3851 1357 3903; x_wconf 84' lang='lat' dir='ltr'><em>Holder</em></span> 
     </span>
     <span class='ocr_line' id='line_1_28' title="bbox 235 3920 1355 3990; baseline -0.001 -18"><span class='ocrx_word' id='word_1_224' title='bbox 235 3925 294 3973; x_wconf 88' lang='lat' dir='ltr'><em>oiro</em></span> <span class='ocrx_word' id='word_1_225' title='bbox 306 3923 464 3974; x_wconf 85' lang='lat' dir='ltr'><em>doctissimo.</em></span> <span class='ocrx_word' id='word_1_226' title='bbox 518 3921 545 3990; x_wconf 83' lang='lat'><em>2)</em></span> <span class='ocrx_word' id='word_1_227' title='bbox 565 3923 608 3986; x_wconf 76' lang='lat' dir='ltr'><em>Cf.</em></span> <span class='ocrx_word' id='word_1_228' title='bbox 625 3923 766 3988; x_wconf 71' lang='lat' dir='ltr'><em>epistulam</em></span> <span class='ocrx_word' id='word_1_229' title='bbox 780 3922 810 3974; x_wconf 84' lang='lat' dir='ltr'><em>V.</em></span> <span class='ocrx_word' id='word_1_230' title='bbox 822 3921 981 3974; x_wconf 82' lang='lat' dir='ltr'><em>Columlani</em></span> <span class='ocrx_word' id='word_1_231' title='bbox 993 3924 1180 3988; x_wconf 81' lang='lat' dir='ltr'><em>praemissam.</em></span> <span class='ocrx_word' id='word_1_232' title='bbox 1238 3920 1266 3990; x_wconf 90' lang='grc'><em>3)</em></span> <span class='ocrx_word' id='word_1_233' title='bbox 1281 3921 1355 3972; x_wconf 87' lang='lat' dir='ltr'><em>‘Mit-</em></span> 
     </span>
     <span class='ocr_line' id='line_1_29' title="bbox 235 3993 1356 4058; baseline 0.001 -16"><span class='ocrx_word' id='word_1_234' title='bbox 235 3993 387 4058; x_wconf 73' lang='lat' dir='ltr'><em>tlceilnnaen</em></span> <span class='ocrx_word' id='word_1_235' title='bbox 406 3995 450 4045; x_wconf 85' lang='lat' dir='ltr'><em>oles</em></span> <span class='ocrx_word' id='word_1_236' title='bbox 463 3994 586 4044; x_wconf 78' lang='lat' dir='ltr'><em>Instituts</em></span> <span class='ocrx_word' id='word_1_237' title='bbox 599 3994 650 4056; x_wconf 84' lang='lat' dir='ltr'><em>fiir</em></span> <span class='ocrx_word' id='word_1_238' title='bbox 663 3993 875 4045; x_wconf 79' lang='lat' dir='ltr'><em>isterreiclrisolie</em></span> <span class='ocrx_word' id='word_1_239' title='bbox 889 3993 1195 4058; x_wconf 74' lang='lat' dir='ltr'><em>Gesoniclitsforsolmna&#39;</em></span> <span class='ocrx_word' id='word_1_240' title='bbox 1205 3998 1265 4046; x_wconf 86' lang='lat' dir='ltr'><em>tom.</em></span> <span class='ocrx_word' id='word_1_241' title='bbox 1276 3993 1356 4058; x_wconf 87' lang='lat' dir='ltr'><strong><em>XIV,</em></strong></span> 
     </span>
     <span class='ocr_line' id='line_1_30' title="bbox 190 4063 1354 4130; baseline -0.001 -13"><span class='ocrx_word' id='word_1_242' title='bbox 190 4079 217 4118; x_wconf 78' lang='lat'><em>³0</em></span> <span class='ocrx_word' id='word_1_243' title='bbox 231 4080 261 4129; x_wconf 78' lang='lat' dir='ltr'><em>p.</em></span> <span class='ocrx_word' id='word_1_244' title='bbox 271 4066 427 4118; x_wconf 79' lang='lat'>427—448.</span> <span class='ocrx_word' id='word_1_245' title='bbox 482 4067 509 4130; x_wconf 91' lang='lat'><em>4)</em></span> <span class='ocrx_word' id='word_1_246' title='bbox 520 4064 552 4118; x_wconf 89' lang='lat' dir='ltr'><em>L.</em></span> <span class='ocrx_word' id='word_1_247' title='bbox 566 4065 712 4130; x_wconf 80' lang='lat' dir='ltr'><em>Dnclresne,</em></span> <span class='ocrx_word' id='word_1_248' title='bbox 727 4065 854 4115; x_wconf 79' lang='lat' dir='ltr'><em>‘Butam</em></span> <span class='ocrx_word' id='word_1_249' title='bbox 867 4064 987 4130; x_wconf 77' lang='lat' dir='ltr'><em>critiquc’</em></span> <span class='ocrx_word' id='word_1_250' title='bbox 997 4067 1074 4130; x_wconf 84' lang='lat'><strong>1893,</strong></span> <span class='ocrx_word' id='word_1_251' title='bbox 1084 4081 1114 4130; x_wconf 78' lang='lat' dir='ltr'><em>p.</em></span> <span class='ocrx_word' id='word_1_252' title='bbox 1124 4065 1177 4118; x_wconf 84' lang='lat'><em>456</em></span> <span class='ocrx_word' id='word_1_253' title='bbox 1183 4080 1195 4126; x_wconf 85' lang='lat'><em>;</em></span> <span class='ocrx_word' id='word_1_254' title='bbox 1209 4063 1240 4117; x_wconf 79' lang='lat' dir='ltr'><em>G.</em></span> <span class='ocrx_word' id='word_1_255' title='bbox 1251 4064 1354 4129; x_wconf 80' lang='lat' dir='ltr'><em>Kurtlr,</em></span> 
     </span>
     <span class='ocr_line' id='line_1_31' title="bbox 235 4133 1357 4202; baseline 0.002 -16"><span class='ocrx_word' id='word_1_256' title='bbox 235 4135 351 4200; x_wconf 70' lang='lat' dir='ltr'><em>‘Clouis&#39;‚</em></span> <span class='ocrx_word' id='word_1_257' title='bbox 377 4135 496 4186; x_wconf 84' lang='lat' dir='ltr'><em>Parisiis</em></span> <span class='ocrx_word' id='word_1_258' title='bbox 520 4137 597 4200; x_wconf 87' lang='lat'>1901,</span> <span class='ocrx_word' id='word_1_259' title='bbox 622 4135 662 4200; x_wconf 87' lang='lat' dir='ltr'><em>II,</em></span> <span class='ocrx_word' id='word_1_260' title='bbox 686 4153 714 4202; x_wconf 84' lang='lat' dir='ltr'><em>p.</em></span> <span class='ocrx_word' id='word_1_261' title='bbox 733 4137 795 4190; x_wconf 81' lang='lat'><strong>268.</strong></span> <span class='ocrx_word' id='word_1_262' title='bbox 814 4133 896 4196; x_wconf 77' lang='lat'><strong>280²,·</strong></span> <span class='ocrx_word' id='word_1_263' title='bbox 920 4138 981 4186; x_wconf 86' lang='lat' dir='ltr'><em>itcm</em></span> <span class='ocrx_word' id='word_1_264' title='bbox 999 4136 1145 4186; x_wconf 82' lang='lat' dir='ltr'><em>Demaison</em></span> <span class='ocrx_word' id='word_1_265' title='bbox 1169 4135 1203 4188; x_wconf 84' lang='lat' dir='ltr'><em>ib.</em></span> <span class='ocrx_word' id='word_1_266' title='bbox 1226 4151 1255 4200; x_wconf 77' lang='lat' dir='ltr'><em>p.</em></span> <span class='ocrx_word' id='word_1_267' title='bbox 1276 4137 1328 4188; x_wconf 82' lang='lat'><em>290</em></span> <span class='ocrx_word' id='word_1_268' title='bbox 1337 4134 1357 4202; x_wconf 81' lang='lat'><em>²,-</em></span> 
     </span>
     <span class='ocr_line' id='line_1_32' title="bbox 234 4205 1356 4273; baseline -0.001 -15"><span class='ocrx_word' id='word_1_269' title='bbox 234 4205 266 4258; x_wconf 67' lang='lat' dir='ltr'><em>E</em></span> <span class='ocrx_word' id='word_1_270' title='bbox 288 4205 408 4271; x_wconf 74' lang='lat' dir='ltr'><em>labora,</em></span> <span class='ocrx_word' id='word_1_271' title='bbox 428 4207 524 4258; x_wconf 83' lang='lat' dir='ltr'><em>‘Cloois</em></span> <span class='ocrx_word' id='word_1_272' title='bbox 549 4207 652 4257; x_wconf 85' lang='lat' dir='ltr'><em>a-t·il</em></span> <span class='ocrx_word' id='word_1_273' title='bbox 675 4205 715 4258; x_wconf 84' lang='lat' dir='ltr'><em>m</em></span> <span class='ocrx_word' id='word_1_274' title='bbox 734 4206 836 4273; x_wconf 75' lang='lat' dir='ltr'><em>baptist</em></span> <span class='ocrx_word' id='word_1_275' title='bbox 859 4206 1019 4258; x_wconf 68' lang='lat' dir='ltr'><em>alteimst’</em></span> <span class='ocrx_word' id='word_1_276' title='bbox 1037 4211 1062 4258; x_wconf 87' lang='lat' dir='ltr'><em>ct</em></span> <span class='ocrx_word' id='word_1_277' title='bbox 1079 4206 1115 4260; x_wconf 88' lang='lat' dir='ltr'><em>H.</em></span> <span class='ocrx_word' id='word_1_278' title='bbox 1137 4205 1240 4271; x_wconf 70' lang='lat' dir='ltr'><em>Onerat,</em></span> <span class='ocrx_word' id='word_1_279' title='bbox 1260 4205 1356 4258; x_wconf 83' lang='lat' dir='ltr'><em>‘Oloris</em></span> 
     </span>
     <span class='ocr_line' id='line_1_33' title="bbox 235 4276 1353 4343; baseline 0.004 -17"><span class='ocrx_word' id='word_1_280' title='bbox 235 4276 343 4341; x_wconf 81' lang='lat' dir='ltr'><em>cl’opris</em></span> <span class='ocrx_word' id='word_1_281' title='bbox 367 4292 415 4328; x_wconf 88' lang='lat' dir='ltr'><em>son</em></span> <span class='ocrx_word' id='word_1_282' title='bbox 439 4279 533 4330; x_wconf 89' lang='lat' dir='ltr'><em>nouoel</em></span> <span class='ocrx_word' id='word_1_283' title='bbox 554 4277 692 4329; x_wconf 79' lang='lat' dir='ltr'><em>historien’</em></span> <span class='ocrx_word' id='word_1_284' title='bbox 718 4278 786 4342; x_wconf 85' lang='lat' dir='ltr'><em>(scil.</em></span> <span class='ocrx_word' id='word_1_285' title='bbox 814 4278 846 4332; x_wconf 80' lang='lat' dir='ltr'><em>G.</em></span> <span class='ocrx_word' id='word_1_286' title='bbox 873 4277 981 4338; x_wconf 74' lang='lat' dir='ltr'><em>Kurtli)</em></span> <span class='ocrx_word' id='word_1_287' title='bbox 1005 4280 1036 4328; x_wconf 90' lang='lat' dir='ltr'><em>in</em></span> <span class='ocrx_word' id='word_1_288' title='bbox 1061 4277 1170 4328; x_wconf 74' lang='lat' dir='ltr'><em>‘ninias</em></span> <span class='ocrx_word' id='word_1_289' title='bbox 1194 4277 1353 4343; x_wconf 69' lang='lat' dir='ltr'><em>reliquum,</em></span> 
     </span>
    </p>
   </div>
   <div class='ocr_carea' id='block_1_4' title="bbox 1378 1686 1539 1790">
    <p class='ocr_par' dir='ltr' id='par_1_4' title="bbox 1378 1686 1539 1790">
     <span class='ocr_line' id='line_1_34' title="bbox 1378 1686 1539 1728; baseline 0.006 -2"><span class='ocrx_word' id='word_1_290' title='bbox 1378 1686 1539 1728; x_wconf 68' lang='lat' dir='ltr'><em>*SSBMerom</em></span> 
     </span>
     <span class='ocr_line' id='line_1_35' title="bbox 1386 1739 1524 1790; baseline 0.007 -9"><span class='ocrx_word' id='word_1_291' title='bbox 1386 1741 1435 1790; x_wconf 81' lang='lat' dir='ltr'><strong><em>III,</em></strong></span> <span class='ocrx_word' id='word_1_292' title='bbox 1441 1751 1467 1789; x_wconf 75' lang='lat' dir='ltr'><em>p.</em></span> <span class='ocrx_word' id='word_1_293' title='bbox 1476 1739 1524 1782; x_wconf 82' lang='grc'>999.</span> 
     </span>
    </p>
   </div>
   <div class='ocr_carea' id='block_1_5' title="bbox 230 4347 1388 4434">
    <p class='ocr_par' dir='ltr' id='par_1_5' title="bbox 230 4347 1388 4434">
     <span class='ocr_line' id='line_1_36' title="bbox 230 4347 1388 4434; baseline 0.002 -36"><span class='ocrx_word' id='word_1_294' title='bbox 230 4347 457 4416; x_wconf 69' lang='lat' dir='ltr'><em>philosophicum,</em></span> <span class='ocrx_word' id='word_1_295' title='bbox 478 4349 638 4414; x_wconf 77' lang='lat' dir='ltr'><em>historiques</em></span> <span class='ocrx_word' id='word_1_296' title='bbox 656 4355 680 4399; x_wconf 89' lang='lat' dir='ltr'><em>ot</em></span> <span class='ocrx_word' id='word_1_297' title='bbox 697 4348 844 4400; x_wconf 77' lang='lat' dir='ltr'><em>littlraires</em></span> <span class='ocrx_word' id='word_1_298' title='bbox 857 4348 932 4415; x_wconf 71' lang='lat' dir='ltr'><em>mitt.</em></span> <span class='ocrx_word' id='word_1_299' title='bbox 946 4364 1004 4414; x_wconf 80' lang='lat' dir='ltr'><em>par</em></span> <span class='ocrx_word' id='word_1_300' title='bbox 1021 4349 1066 4399; x_wconf 84' lang='lat' dir='ltr'><em>des</em></span> <span class='ocrx_word' id='word_1_301' title='bbox 1083 4347 1164 4399; x_wconf 81' lang='lat' dir='ltr'><em>Piros</em></span> <span class='ocrx_word' id='word_1_302' title='bbox 1182 4349 1214 4398; x_wconf 83' lang='lat' dir='ltr'><em>cle</em></span> <span class='ocrx_word' id='word_1_303' title='bbox 1233 4349 1260 4399; x_wconf 91' lang='lat' dir='ltr'><em>lo</em></span> <span class='ocrx_word' id='word_1_304' title='bbox 1279 4349 1355 4400; x_wconf 86' lang='lat' dir='ltr'><em>Com·</em></span> <span class='ocrx_word' id='word_1_305' title='bbox 1385 4425 1388 4434; x_wconf 38' lang='grc' dir='ltr'>Ι</span> 
     </span>
    </p>
   </div>
   <div class='ocr_carea' id='block_1_6' title="bbox 190 4419 1237 4486">
    <p class='ocr_par' dir='ltr' id='par_1_6' title="bbox 190 4419 1237 4486">
     <span class='ocr_line' id='line_1_37' title="bbox 190 4419 1237 4486; baseline 0.001 -12"><span class='ocrx_word' id='word_1_306' title='bbox 190 4434 216 4474; x_wconf 75' lang='lat'><em>³5</em></span> <span class='ocrx_word' id='word_1_307' title='bbox 231 4421 333 4485; x_wconf 74' lang='lat' dir='ltr'><em>poanie</em></span> <span class='ocrx_word' id='word_1_308' title='bbox 350 4419 381 4472; x_wconf 83' lang='lat' dir='ltr'><em>cle</em></span> <span class='ocrx_word' id='word_1_309' title='bbox 398 4419 498 4485; x_wconf 80' lang='lat' dir='ltr'><em>Jlsns’,</em></span> <span class='ocrx_word' id='word_1_310' title='bbox 518 4419 638 4470; x_wconf 83' lang='lat' dir='ltr'><em>Parisiis</em></span> <span class='ocrx_word' id='word_1_311' title='bbox 657 4421 735 4484; x_wconf 84' lang='lat'><strong>1896,</strong></span> <span class='ocrx_word' id='word_1_312' title='bbox 753 4425 814 4478; x_wconf 78' lang='lat' dir='ltr'><em>tom,</em></span> <span class='ocrx_word' id='word_1_313' title='bbox 833 4419 955 4485; x_wconf 85' lang='lat' dir='ltr'><em>LXVII,</em></span> <span class='ocrx_word' id='word_1_314' title='bbox 972 4435 1000 4485; x_wconf 78' lang='lat' dir='ltr'><em>p.</em></span> <span class='ocrx_word' id='word_1_315' title='bbox 1016 4421 1076 4474; x_wconf 81' lang='grc'>295.</span> <span class='ocrx_word' id='word_1_316' title='bbox 1096 4426 1119 4470; x_wconf 84' lang='lat' dir='ltr'><em>et</em></span> <span class='ocrx_word' id='word_1_317' title='bbox 1134 4437 1162 4486; x_wconf 83' lang='lat' dir='ltr'><em>p.</em></span> <span class='ocrx_word' id='word_1_318' title='bbox 1176 4421 1237 4474; x_wconf 81' lang='lat'><strong>365.</strong></span> 
     </span>
    </p>
   </div>
   <div class='ocr_carea' id='block_1_7' title="bbox 0 0 1618 5034">
    <p class='ocr_par' dir='ltr' id='par_1_7' title="bbox 0 0 1618 5034">
     <span class='ocr_line' id='line_1_38' title="bbox 0 0 1618 5034; baseline 0 1"><span class='ocrx_word' id='word_1_319' title='bbox 0 0 1618 5034; x_wconf 95' lang='lat' dir='ltr'><em> </em></span> 
     </span>
    </p>
   </div>
  </div>
 </body>
</html>
