3222 5032
418 470 544 540 lonast,
558 471 679 527 VITAE
698 469 927 526 OOLUMBANI
944 471 1053 526 LIBRI
1071 472 1111 530 ΙΙ.
1274 477 1325 531 139

204 655 293 735 ΕΙ,
318 675 398 720 saec.
425 655 527 718 XIV.
575 655 620 719 In
650 675 719 718 eum
750 655 893 718 ordinem
922 675 982 736 quo
1016 655 1134 721 editum
1167 663 1214 720 est
1246 677 1325 740 opus

203 746 364 808 redactum
394 765 459 808 esse
488 742 688 808 coniecerunt
717 765 738 807 a
761 742 909 808 Iohanne
937 743 1148 828 Oappraue
1172 743 1202 826 lt
1229 745 1323 827 1464)

203 832 344 911 fratrum
367 831 571 896 cremitarum
596 833 629 896 S.
654 831 831 913 Aupustiui
860 831 898 896 ia
921 832 1066 898 coenobio
1096 833 1324 898 Cantuarieusi

203 921 315 1002 sodali,
341 927 453 1002 postea
475 921 564 986 illius
587 920 713 985 ordinis
737 920 942 1002 prouinciali,
975 921 1065 986 cuius
1094 922 1220 987 nomine
1242 922 1326 988 illud

167 1035 181 1075 s
203 1011 295 1074 hodie
318 1010 549 1090 circumfertur,
574 1031 672 1092 neque
693 1029 766 1073 uero
789 1009 825 1073 iu
844 1009 1002 1074 codicibus
1020 1032 1117 1092 neque
1136 1011 1172 1076 iu
1187 1011 1325 1076 editione

196 1099 346 1181 principe
368 1099 471 1180 ipsius
492 1099 608 1163 mentio
631 1101 677 1178 [it.
716 1098 869 1162 Attamen
891 1098 964 1163 huic
985 1099 1108 1164 auctori
1125 1099 1325 1181 ‘Catalacum

202 1187 268 1252 siue
291 1186 473 1269 Lopeudom
496 1194 677 1252 sauctorum
700 1186 848 1269 Ampliae'
872 1187 1029 1268 eupressis
1054 1188 1157 1253 uerbis
1180 1188 1326 1254 attribuit

203 1276 368 1341 Heurieus
390 1277 549 1340 Whartou
572 1275 805 1357 archiepiscopo
833 1275 1061 1342 Cantauriensi
1090 1299 1111 1340 a
1140 1277 1245 1342 sacris
1274 1280 1324 1342 do·

202 1365 340 1429 mesticis
362 1365 593 1447 expilatumque
608 1386 673 1430 esse
689 1364 858 1430 historiam
873 1364 968 1429 istam
984 1366 1110 1430 addidit
1133 1365 1180 1430 ‘eu
1202 1365 1325 1448 iupeuti

159 1482 185 1520 ιο
203 1475 241 1519 ac
265 1455 402 1537 pulchro
425 1456 594 1518 admodum
623 1453 780 1518 uolumine
802 1453 940 1518 eiusdem
963 1455 1151 1536 arpumeuti,
1182 1455 1324 1536 quadiu

203 1543 388 1608 bibliotheca
420 1542 611 1608 Cottouiaua
645 1543 712 1606 Ms.
748 1543 941 1607 asservatud
952 1544 973 1606 ¹.
1027 1544 1119 1609 Haec
1152 1545 1247 1609 uerba
1281 1547 1327 1609 ad

204 1631 434 1712 Sanctilopium
468 1633 551 1712 quod
584 1652 618 1696 re
652 1653 728 1696 cera
752 1631 919 1713 Lepeudae
953 1634 1076 1697 subesse
1110 1632 1180 1696 diui
1207 1635 1324 1716 procul

202 1721 295 1785 dubio
326 1721 496 1800 referenda
526 1727 607 1802 suut,
640 1741 768 1802 cumque
798 1720 876 1784 talia
907 1720 961 1784 riu
984 1744 1005 1785 a
1028 1741 1183 1803 quoquam
1205 1721 1323 1804 eucapi-

201 1809 266 1873 tari
284 1809 456 1890 potuerint,
479 1809 655 1892 Oappraoii
678 1831 790 1873 nomeu
815 1809 904 1873 titulo
919 1812 1097 1874 radendum
1111 1810 1243 1875 mimimo
1258 1831 1324 1875 esse

156 1926 182 1966 a
201 1920 317 1963 censeo.
357 1899 488 1981 Prolopi
510 1899 570 1980 qui
584 1899 748 1979 praecedit
763 1899 939 1962 clausulam
956 1898 1064 1978 potius
1082 1899 1213 1963 editoris
1227 1920 1323 1980 quum

201 1987 341 2052 auctoris
364 1987 469 2068 operis
491 2009 556 2052 esse
578 1988 664 2052 iuter
679 2008 784 2051 omnes
803 1993 925 2052 constat
939 1993 1031 2068 atque
1046 1987 1141 2051 etiam
1157 1987 1193 2052 iu
1209 1987 1347 2069 priore·

201 2082 286 2140 tectu
316 2077 401 2140 locus
435 2077 645 2157 deprehensus
674 2082 727 2158 est,
761 2075 816 2156 qui
844 2075 882 2139 iu
911 2075 1085 2156 Cappraoii
1114 2099 1225 2140 aecum
1254 2097 1323 2141 cau·

201 2164 309 2228 uenire
331 2185 397 2228 nou
419 2165 551 2244 uidetur,
575 2165 640 2230 sice
662 2165 716 2230 ille
739 2171 819 2228 totus
841 2167 881 2229 ab
900 2165 1017 2229 editore
1040 2165 1168 2230 additus
1191 2171 1237 2230 est
1257 2165 1322 2230 siue

202 2275 223 2316 a
244 2252 423 2335 Cappraoio
439 2254 644 2338 conscriptus,
664 2277 686 2319 a
701 2253 872 2319 recentiore
886 2253 1104 2334 interpolatus.
1141 2255 1322 2320 Sermonem

132 2371 184 2410 m
201 2341 332 2407 iuterim
355 2363 419 2407 uam
442 2349 637 2425 uepaceruut
663 2342 883 2425 Cappraciaui
906 2363 970 2407 esse
987 2342 1206 2424 persimilem²
1228 2349 1322 2425 atqcue

203 2451 242 2494 eu
270 2432 374 2495 eodem
398 2433 530 2513 prolopo
559 2432 761 2513 iutellepitur,
795 2438 952 2496 auctorem
981 2431 1084 2513 ipsius
1113 2432 1208 2497 etiam
1238 2433 1321 2498 colli·

200 2520 313 2601 peudis
334 2528 516 2585 sauctorum
545 2521 619 2586 citis
648 2541 775 2602 operam
804 2521 934 2601 dedisse,
966 2522 1096 2586 eundem
1126 2521 1227 2602 ipitur
1257 2543 1322 2587 esse

202 2615 358 2674 auctorem
388 2610 500 2690 operis.
552 2611 667 2674 Teutas
697 2631 778 2690 cero,
814 2609 869 2690 qui
897 2631 959 2692 per
982 2610 1164 2692 Lepeudam
1193 2613 1238 2675 ad
1263 2632 1323 2676 nos

194 2706 416 2780 peruenerunt,
447 2719 542 2780 quam
572 2699 709 2763 manime
738 2699 903 2764 retractati
933 2705 1025 2780 atque
1051 2699 1087 2762 iu
1111 2702 1200 2764 breue
1223 2699 1322 2765 coacli

155 2815 182 2856 rs
200 2794 276 2851 suut
297 2808 395 2868 neque
419 2790 456 2852 de
479 2789 515 2852 V.
541 2787 738 2869 Columbani,
762 2809 843 2869 quac
864 2788 920 2867 fol.
939 2787 1103 2850 65‘-68‘.
1127 2788 1164 2852 in
1187 2788 1322 2853 editione

194 2876 353 2958 principe,
376 2899 408 2957 p.
426 2883 626 2941 206—216.
651 2877 726 2940 tomi
749 2878 780 2941 I.
804 2877 842 2941 im
864 2876 1082 2941 recentissimo
1105 2883 1242 2958 occupat,
1275 2877 1321 2941 iu·

201 2967 307 3029 menda
336 2966 458 3044 referre
484 2972 611 3049 poterat
639 2966 689 3031 W.
716 2966 853 3030 Lerisou
882 2965 994 3045 socius,
1026 2967 1109 3030 hauc
1138 2966 1243 3046 ipsum
1272 2987 1321 3030 eu-

202 3053 354 3118 ammaus
383 3055 419 3119 in
446 3054 629 3119 bibliotheca
657 3053 878 3118 uniuersitatis
901 3053 1085 3118 Bouaeusis
1114 3061 1320 3119 asserralam.

206 3143 321 3206 Teutas
345 3140 498 3226 (praescr.
508 3167 519 3208 .·
549 3145 601 3208 De
633 3149 752 3208 sancto
777 3144 991 3207 Columbano
1022 3144 1149 3207 abbate
1180 3147 1215 3208 ab
1245 3165 1321 3208 con-

154 3259 184 3300 as
201 3230 342 3309 fossore)
372 3232 500 3297 exordio
531 3234 690 3297 decurtato
721 3231 843 3312 incipit,
876 3230 958 3295 sieut
987 3231 1106 3295 codices
1130 3231 1322 3296 Britauuici

203 3321 314 3384 A2a1·
325 3322 344 3358 2·
355 3322 375 3400 ³,
410 3321 529 3386 scilicet
563 3344 584 3386 a
614 3321 649 3401 I,
681 3326 717 3384 2:
755 3321 884 3384 Beatus
920 3320 1155 3384 Columbanus
1189 3322 1226 3383 in
1260 3321 1321 3384 Hi·

203 3409 322 3473 bernia
357 3411 471 3474 insula
508 3413 545 3474 in
580 3431 728 3474 occeano
763 3411 846 3484 siba,
883 3431 984 3492 quam
1021 3409 1201 3473 Scotorum
1237 3430 1321 3493 gens

201 3499 386 3576 inhabitat,
426 3504 522 3564 orbus
558 3503 620 3576 esi,
659 3519 732 3561 mou
764 3518 837 3562 uero
871 3498 916 3562 ud
944 3497 1052 3562 alicua
1082 3498 1201 3563 transit
1227 3498 1323 3563 haec:

202 3588 371 3652 Hibernia
395 3590 486 3653 enim
511 3589 704 3671 antiquitus
728 3588 844 3652 Scotia
868 3589 962 3652 dicia
986 3592 1054 3663 θείῃ
1080 3587 1122 3652 de
1146 3610 1215 3672 qua
1238 3609 1321 3671 gens

157 3706 183 3745 oc
203 3678 384 3741 Scotorum
408 3679 592 3742 Albaniam
618 3677 798 3742 Britannis
814 3677 939 3740 Maiori
963 3679 1162 3760 proximam,
1187 3699 1252 3761 que
1277 3678 1320 3741 ab

202 3769 329 3830 eventu
354 3767 454 3830 modo
478 3767 594 3830 Scabia
625 3767 762 3843 dicitur,
792 3767 992 3830 inhabitans
1023 3767 1190 3849 originem
1222 3767 1322 3831 duxit

202 3859 237 3920 et
261 3875 477 3939 progressum
502 3857 634 3933 habuit,
658 3854 825 3936 multisque
842 3853 1080 3934 praetermissis
1102 3861 1132 3919 et
1152 3856 1243 3919 ualde
1265 3855 1322 3918 im·

200 3943 338 4024 mutatis,
363 3943 409 4007 ita
432 3950 467 4008 ut
489 3945 533 4008 ad
559 3944 786 4009 Columbauum
813 3944 948 4007 allemcm
969 3943 1128 4007 miracula
1151 3943 1321 4008 bestiarum

203 4029 243 4110 (c.
264 4033 321 4114 17)
345 4033 448 4097 relata
470 4031 538 4096 siut
559 4034 603 4096 ad
624 4039 769 4098 sanctum
792 4031 895 4113 ursum
919 4031 1102 4113 spectantia,
1134 4033 1198 4096 loco
1221 4053 1246 4096 c.
1267 4037 1320 4094 30.

155 4241 228 4304 401)
252 4240 289 4294 H.
315 4241 457 4306 Whorton,
483 4241 628 4308 Appendicc
655 4241 690 4292 ad
718 4240 861 4291 historiam
890 4242 1054 4292 litterariam
1083 4240 1222 4290 Gutlielmi
1246 4240 1321 4306 Care,
1435 4224 1437 4228 ’

204 4312 320 4364 amum
339 4314 418 4376 1693,
435 4329 462 4378 p.
476 4313 519 4365 89,
587 4313 615 4377 2)
636 4312 794 4376 Hinpeston,
814 4311 947 4362 Iohannis
966 4310 1105 4378 Cappram
1123 4311 1190 4360 liber
1208 4312 1239 4361 dc
1257 4312 1322 4363 illu·

201 4382 304 4434 stribus
321 4383 451 4435 chricis
469 4383 584 4448 (Rerum
605 4383 828 4433 Britannicarum
849 4382 931 4433 modii
948 4384 1006 4432 aevi
1022 4383 1174 4447 scriptores,
1192 4381 1323 4434 Londinii

204 4455 281 4518 1858,
300 4461 361 4508 tom,
376 4453 439 4520 VII,
454 4469 483 4519 p.
497 4452 615 4517 XLIX),
634 4454 682 4520 qui
695 4451 839 4517 prolopum
857 4453 891 4506 ib.
907 4469 937 4518 p.
954 4453 1004 4507 195
1013 4468 1068 4519 sqq.
1088 4451 1178 4505 edidit.
