3222 5030
284 445 320 498 44
497 439 622 508 IONAS,
635 439 756 494 VITAE
774 439 1003 495 COLUMBANI
1020 439 1129 494 LIBRI
1147 439 1187 496 ΙΙ.

392 623 493 688 Eutut
521 621 796 704 Buopundosaouc
825 623 1061 688 testamentuno¹
1092 644 1123 686 a.
1155 622 1191 684 V.
1216 621 1399 703 Dayoberti,

285 711 308 775 i.
332 734 357 776 e.
383 717 457 774 627.
476 733 511 792 p.
541 711 630 790 cnr,
654 711 685 774 d.
710 711 791 776 VII.
816 711 896 776 Kal.
922 711 1003 774 Nou.
1027 711 1145 792 dotum,
1170 716 1273 775 actecin
1297 716 1400 774 autem

286 803 316 866 d.
341 801 422 864 VII.
439 799 491 864 Id.
513 800 645 878 Octobr,
669 820 730 880 quo
752 799 943 864 monasterio
959 797 1171 864 Euoriucensi
1193 797 1230 864 in
1252 797 1401 864 honorem

285 888 420 954 Mariae
435 895 464 953 et
479 887 569 952 Pon-t
592 887 769 968 aedificato,
794 910 862 953 cum
884 887 931 953 ibi
953 886 1096 954 residens
1118 887 1200 952 diem
1221 908 1401 968 supremum

285 983 475 1058 expectaret,
514 997 594 1057 quos
631 997 670 1039 ea
706 975 878 1042 hereditate
912 983 1052 1058 paterna
1076 982 1185 1056 ‚antea
1223 975 1433 1044 tradiderats

279 1065 494 1146 possessiones
516 1066 721 1143 confirmasse
742 1065 856 1144 fertur.
895 1065 1053 1130 Fonmuta
1068 1063 1193 1146 attidem
1211 1064 1295 1129 venis
1313 1070 1401 1130 testa·

285 1153 399 1218 uentis
420 1174 485 1217 non
508 1153 665 1218 obsiun'tis
687 1159 740 1233 cst,
764 1153 1067 1234 constructionosque
1084 1153 1162 1218 tates
1180 1153 1306 1234 quates:
1329 1155 1402 1218 visu

286 1264 362 1306 sum
396 1243 602 1318 aedificasse,
638 1243 710 1306 visa
744 1264 820 1306 sum
850 1244 1031 1326 accepisse,
1067 1243 1190 1320 locum,
1226 1243 1316 1326 quod
1349 1247 1401 1308 est

287 1335 532 1408 constructum,
570 1328 660 1394 itlius
697 1331 767 1394 aeui
807 1329 1027 1396 consuetudini
1064 1330 1178 1414 optimo
1215 1331 1402 1412 respondere

286 1419 554 1500 videnturusque
577 1440 646 1484 cum
670 1419 781 1484 charta
803 1418 1134 1502 Buupuudofaronis²
1164 1418 1292 1484 omuino
1314 1419 1402 1498 fatsa
1422 1449 1447 1486 ιο

286 1514 502 1572 testamentum
525 1507 706 1587 computari
729 1507 807 1589 ticet,
835 1508 889 1574 ubi
912 1508 1003 1572 Foro
1025 1509 1179 1588 Foroque
1201 1507 1403 1588 appellantur

286 1595 542 1678 Burpuudofaro
570 1595 897 1679 Buupundosaroque.
949 1596 1066 1679 Sipitlu
1094 1617 1175 1678 quoe
1204 1597 1244 1661 ab
1273 1602 1402 1676 utroque

287 1687 467 1750 documento
496 1687 636 1766 pendent
664 1685 793 1750 chartae
822 1707 941 1768 quoque
968 1685 1126 1767 penninas
1154 1691 1266 1766 postea
1295 1683 1403 1764 affixa

287 1794 352 1838 esse
369 1779 512 1854 possunt.
551 1773 647 1838 Atiae
665 1780 768 1837 autem
783 1773 975 1855 suspicionis
990 1774 1127 1839 causac³
1142 1773 1231 1838 ttaud
1244 1773 1291 1836 ita
1306 1773 1403 1852 facite

287 1863 490 1926 removendae
511 1868 594 1943 sunt,
624 1861 742 1928 scilicet
763 1862 918 1944 uicpinem
942 1858 1104 1944 (161011.
1128 1861 1218 1926 intua
1240 1861 1404 1941 infantiae
1424 1891 1449 1930 15

287 1972 390 2015 anuos
413 1950 609 2016 constitutam
641 1957 670 2015 et
692 1957 766 2032 post
789 1973 819 2014 a.
841 1957 915 2014 641.
938 1951 1120 2029 defunctam
1146 1957 1285 2032 respectu
1307 1950 1404 2014 disso-

288 2039 417 2104 lutionis
439 2061 515 2104 sicae
538 2063 568 2104 a.
590 2046 664 2120 627,
688 2040 743 2103 niu
760 2039 956 2124 plusquam
980 2045 1020 2102 27
1046 2060 1148 2104 annos
1171 2045 1290 2118 natatu,
1314 2045 1403 2104 testa-

287 2135 424 2193 uientuiu
443 2128 629 2210 condidisse,
654 2128 767 2193 deiude
785 2128 1017 2193 distinctionem
1032 2128 1117 2192 inter
1132 2129 1241 2192 datum
1257 2134 1286 2192 et
1300 2134 1403 2192 actutu

286 2217 323 2282 in
347 2216 760 2288 testamentisinusitatanu
812 2217 987 2298 Otoaynutfi
1017 2237 1129 2280 nomeu
1152 2215 1253 2296 statii
1276 2222 1404 2281 sauctae

286 2305 423 2370 inditum
454 2305 576 2371 comitis
603 2305 780 2370 Metdensis
808 2326 873 2369 esse
900 2311 1011 2386 potest,
1047 2305 1137 2370 cuiuis
1170 2305 1205 2369 in
1233 2305 1404 2388 pu'oitepio
1423 2337 1450 2374 so

287 2394 480 2460 Rcsbacensi
502 2416 532 2458 a.
554 2391 665 2475 635s6.
690 2392 805 2458 mentio
828 2394 896 2472 stt4.

394 2501 426 2564 A
443 2501 624 2565 Metdorucu
643 2498 755 2581 oppido
771 2500 859 2564 tcacod
875 2499 922 2564 ita
937 2501 1067 2564 uudtum
1077 2521 1266 2582 pu·opressus
1285 2499 1404 2566 Cotum-

288 2591 390 2655 banus
423 2589 461 2654 iu
494 2589 573 2652 uitta
603 2588 751 2652 Vulciaco
781 2589 825 2652 ad
853 2589 1043 2654 Mateouani
1077 2589 1140 2653 sita
1174 2591 1214 2654 ab
1245 2589 1405 2654 Auttianio

288 2678 414 2759 eiusque
447 2698 544 2741 iecore
578 2676 665 2758 Aipa
699 2683 839 2757 receptus
872 2683 941 2741 crat
973 2684 1133 2759 materque
1166 2677 1252 2757 dtios
1286 2685 1406 2742 teneros

288 2767 511 2831 benedicendos
540 2764 570 2830 ei
593 2765 754 2830 obtulerat.
801 2765 851 2830 Hi
880 2767 982 2831 adulti
1012 2769 1098 2848 opud
1126 2766 1346 2832 Otitotttaniuni
1378 2773 1406 2830 et
1424 2796 1449 2836 u

288 2856 504 2936 Dapobertuni
539 2874 626 2935 repes
659 2875 814 2918 siceiimaou
846 2855 987 2936 puntiau
1025 2855 1169 2920 inierunt
1201 2877 1299 2936 neque
1332 2875 1405 2918 oeno

286 2943 423 3025 placiano
453 2942 571 3007 saecuti
601 2943 756 3008 couseuoti
785 2950 932 3009 aeternae
964 2943 1054 3009 obtiti
1081 2951 1165 3008 utut.
1219 2946 1291 3008 Ado
1321 2943 1405 3008 cuitu

288 3031 393 3095 usau-
414 3038 494 3095 uatu
515 3031 741 3096 nonasterium
769 3032 931 3114 oirpiuuin
954 3033 1106 3114 Iotunse,
1138 3034 1219 3097 atter
1241 3033 1337 3097 Dodo
1360 3052 1405 3096 re·

288 3119 494 3199 ferendanius
523 3120 630 3201 sepius
659 3127 783 3185 creatus
813 3143 882 3186 cuni
916 3121 1083 3202 statuebas,
1119 3143 1135 3184 e
1169 3121 1282 3202 picibus
1312 3121 1405 3184 Rada

999 3235 1009 3276 o

289 3209 399 3273 tentius
414 3230 435 3272 a
448 3209 533 3273 Iona
542 3210 789 3289 praetermissus
803 3217 856 3290 cst,
874 3211 909 3274 iu
925 3211 999 3274 sotto
1024 3210 1195 3292 Briepensi
1211 3210 1405 3274 Resbuceuse
1424 3242 1449 3281 ³0

289 3300 333 3362 ad
350 3298 492 3379 reputant
514 3296 701 3363 Cotumbani
716 3305 959 3364 construxerunt
969 3301 989 3380 ⁵,
1014 3321 1094 3380 quiae
1108 3298 1305 3363 monasteria
1318 3298 1407 3362 noua

289 3387 378 3466 tonpe
401 3392 430 3449 et
451 3385 535 3450 iuteo·
557 3407 589 3450 se
607 3394 636 3450 ct
650 3389 690 3452 ab
707 3387 917 3454 Enoriaceusi
932 3388 1063 3452 distant.
1101 3387 1217 3462 Eneis
1232 3386 1405 3450 inanimam

288 3474 514 3554 auctoritatem,
539 3477 622 3556 quod
636 3478 680 3540 ad
694 3476 745 3540 ius
760 3477 1002 3542 ecclesiasticum
1011 3475 1159 3556 pertinet,
1179 3474 1406 3538 ciconasteuiuon
1467 3523 1471 3532 .

288 3562 543 3628 Resbacense
562 3572 756 3630 coiisccutuen
774 3572 827 3646 est,
852 3565 942 3630 ouius
955 3562 1129 3644 puiuitepia
1147 3562 1232 3625 iuteo·
1249 3561 1406 3638 formulas

290 3772 317 3840 1)
342 3772 393 3826 Ed.
412 3773 570 3838 Pardessus,
596 3775 670 3842 Dipt.
688 3776 728 3841 ΙΙ,
749 3777 789 3829 15.
863 3775 890 3839 2)
913 3773 957 3825 Io.
977 3772 1000 3836 I,
1021 3772 1079 3824 193.
1152 3768 1180 3836 3)
1206 3769 1281 3820 Inter
1303 3772 1405 3835 scripta
1424 3789 1449 3829 35

288 3840 1406 3975 tt⁰w⁹²²hafflmt⁴mf⁰fffffittdtssmdoetmdtdttt'tadficiti-{²‘tt

289 3916 456 4038 deteitidodo
475 3933 825 4052 lgnssgnlcdregocgorgfiiomm
843 3991 866 4036 ct
882 3983 1072 4048 d’aictctotopie
1086 3983 1122 4031 dcc
1138 3982 1236 4034 dioctsc
1251 3949 1283 4034 dc
1295 3981 1404 4034 Meaaa'

290 4059 369 4121 1898,
390 4075 419 4124 p.
440 4062 514 4124 321),
539 4059 603 4109 dum
627 4060 676 4124 qut
699 4059 910 4108 dissotiationcm
934 4057 991 4106 eius
1015 4055 1177 4105 exaiuinaoit
1202 4053 1254 4106 Leo
1272 4055 1405 4107 Lovtltatn

288 4129 380 4192 (‘Bibt.
400 4130 430 4181 cu
450 4129 533 4181 t’tcotc
550 4131 595 4180 des
613 4127 726 4179 chartus*
741 4128 819 4191 1899,
838 4145 865 4194 p.
879 4129 928 4192 95)
946 4127 1111 4177 contrariam
1125 4127 1273 4190 opinionem
1289 4126 1406 4190 defundit
1423 4143 1450 4181 40

288 4201 370 4251 iudea
394 4216 448 4252 non
473 4201 537 4252 adeo
561 4199 665 4263 firmus.
702 4199 821 4263 Denique
845 4197 882 4250 H.
901 4198 1021 4262 Auffeoi,
1042 4180 1194 4248 ‘Euotution
1215 4199 1252 4249 du
1270 4203 1405 4250 tostamcnt

289 4285 319 4320 en
338 4271 462 4335 France',
480 4270 599 4321 Parisiis
614 4271 691 4333 1899,
706 4285 735 4335 p.
749 4270 811 4331 228,
830 4285 857 4321 n.
870 4271 896 4333 4,
917 4271 1098 4320 auctuu'tatuu
1117 4270 1142 4320 u·
1159 4268 1304 4335 abe-opacit.
1335 4269 1405 4320 Saue

288 4342 426 4408 exemptan-
443 4357 510 4393 saec.
530 4340 582 4394 XI.
608 4341 689 4405 specte
714 4339 880 4406 autopraphe'
903 4342 1073 4406 compositum·
1090 4341 1236 4407 conspiciam
1254 4356 1307 4392 non
1326 4345 1404 4391 caret.

287 4411 316 4478 4)
335 4411 371 4465 K.
391 4411 478 4476 Perta,
498 4411 608 4478 Duil,
625 4427 654 4477 p,
670 4413 710 4464 16.
784 4410 811 4479 5)
829 4411 859 4464 V.
880 4411 994 4466 autumo.
1012 4412 1036 4477 I,
1051 4411 1093 4465 26.
