3222 5030
435 462 560 532 IONAS,
574 465 693 518 VITAE
712 463 940 519 COLUMBANI
958 463 1067 518 LIBRI
1085 463 1125 521 11.
1303 469 1339 521 43

217 645 466 726 comitabantur,
481 645 638 711 tricesimo
653 653 756 711 antem
768 645 820 711 die
831 644 1080 712 commemoratio
1091 646 1258 724 defunctae
1269 667 1339 710 cum

221 733 392 799 missarum
407 734 614 800 sollemnitate
628 735 665 800 in
677 734 806 800 ecclesia
822 735 1010 800 celebranda
1025 739 1103 798 erat.
1129 733 1260 798 Puellae
1274 741 1339 798 tom

220 821 366 904 diliqenti
383 821 498 888 mahts
515 823 659 889 custodia
675 823 766 888 intra
781 822 961 888 coenobium
976 822 1201 903 educabantur,
1220 828 1256 886 ut
1272 843 1339 887 nna

220 932 331 977 earum
360 910 445 976 inter
474 931 605 976 senatun
625 918 786 976 naturam
815 911 997 978 diiudicare
1025 910 1182 992 nequiret,
1218 931 1339 975 marem

188 999 434 1081 sfeminamque
464 999 549 1065 idem
578 1022 643 1066 esse
672 1000 870 1066 odiumne.
917 1000 1073 1065 Parentes
1103 999 1222 1064 nobiles
1251 999 1340 1079 filias

220 1089 257 1154 in
286 1088 469 1153 uniuersum
492 1089 592 1154 alicui
621 1095 752 1172 nuptum
775 1089 854 1154 dare
873 1109 972 1170 quum
1000 1087 1192 1153 monasterio
1215 1089 1340 1152 tradere

220 1178 381 1242 malebant
408 1197 651 1260 consensumque
682 1198 748 1242 non
776 1177 910 1259 dabant,
943 1175 1011 1244 nisi
1035 1183 1204 1260 postquam
1234 1197 1340 1241 omnes

221 1287 275 1330 eas
308 1265 468 1330 retinendi
500 1273 631 1331 conatus
664 1269 709 1331 acl
740 1265 870 1330 irritum
901 1266 1087 1332 cecideruut.
1135 1264 1340 1330 Intrantibus

221 1361 325 1420 anhm
347 1354 576 1420 monasterium
598 1354 756 1420 nobilibus
779 1354 899 1438 puellis
928 1376 1026 1437 neque
1055 1353 1212 1436 diciplina
1242 1374 1340 1434 neque

177 1468 203 1506 ιο
222 1443 326 1508 tenuis
347 1442 448 1508 uictus
469 1443 561 1508 ualde
584 1444 758 1509 arridebat.
812 1443 993 1525 Complures
1014 1443 1135 1523 furtivo
1159 1442 1225 1508 cibo
1246 1443 1340 1525 qulae

221 1531 405 1596 auiditatem
428 1532 621 1614 esuriemque
651 1532 772 1597 satiare
801 1553 969 1614 oppressae
998 1538 1091 1613 sunt,·
1121 1531 1206 1597 aliae
1235 1537 1339 1595 antem

221 1627 250 1685 et
278 1619 430 1702 inprimis
459 1621 602 1687 noviciae
631 1621 720 1686 illius
748 1620 833 1686 citae
856 1627 1023 1702 pertaesae
1052 1620 1230 1701 saeculique
1260 1619 1338 1684 desi-

222 1709 310 1774 derio
333 1715 480 1790 arreptae
503 1710 614 1792 fuqam
637 1709 784 1775 iniebant
804 1716 973 1791 saeptaque
990 1729 1051 1790 per
1073 1709 1193 1774 scalam
1223 1706 1338 1772 transi·

221 1798 347 1878 liebant,
372 1819 441 1863 cum
457 1798 582 1864 diabolo
597 1798 780 1864 convasari
798 1800 1016 1880 praeferentes
1031 1820 1126 1880 qnam
1142 1819 1211 1863 cum
1227 1802 1339 1862 sancta

177 1893 338 1967 amatre,
375 1908 474 1968 neque
509 1909 582 1952 aero
620 1887 775 1968 inceptum
812 1908 933 1968 semper
961 1907 1113 1969 prospere
1142 1887 1337 1967 procedebat,

221 1977 277 2040 sed
298 1974 335 2040 in
357 1974 426 2057 ipso
448 1976 532 2040 oolla
555 1975 766 2042 transiliendo
789 1975 1000 2056 deprehensae
1022 1975 1178 2040 libertatis
1201 1993 1339 2039 amarem

222 2063 419 2143 confessione
442 2064 704 2146 poenitentiaque
727 2064 863 2129 luebant.
916 2063 1098 2146 Aqrestium
1126 2065 1219 2127 rebus
1248 2061 1339 2126 nouis

221 2153 403 2233 studentem,
427 2152 483 2234 qui
500 2160 574 2236 post
595 2154 750 2236 synodum
765 2151 1035 2217 Matisconensem
1057 2151 1092 2216 eo
1107 2173 1140 2217 se
1155 2152 1337 2231 contulerat,

221 2241 481 2323 Burqundofura
515 2242 634 2323 refellit
647 2243 667 2323 ¹,
702 2262 822 2323 maqna
856 2262 925 2306 curn
959 2241 1138 2306 constantia
1167 2239 1339 2320 fraudibus

177 2353 205 2392 20
221 2329 325 2412 ipsius
343 2329 503 2396 obsistens.
537 2330 734 2396 Manasterii
752 2329 903 2394 terminos
920 2329 1060 2396 violabat
1074 2350 1253 2411 omnemque
1272 2328 1339 2394 eius

222 2418 385 2498 familiam
418 2422 664 2502 persequebatur
697 2419 790 2501 Aeqa
823 2418 929 2483 maior
963 2420 1088 2500 domus,
1128 2418 1218 2484 ouius
1254 2440 1340 2483 mors

223 2531 253 2571 a.
279 2513 354 2571 641.
384 2507 525 2590 oirqines
547 2530 586 2574 erc
611 2508 722 2590 aliqua
744 2514 840 2590 parte
868 2509 1034 2573 relevabat.
1080 2508 1340 2590 Burqundofarm

223 2603 297 2678 quot
329 2596 428 2661 annis
457 2605 529 2678 post
562 2597 694 2678 uicerit,
728 2596 860 2661 minime
894 2604 981 2661 const
1002 2603 1024 2660 t.
1082 2597 1175 2662 Inter
1211 2601 1340 2660 sanctas

223 2686 327 2750 relata
350 2685 402 2750 die
425 2692 455 2749 7.
480 2685 664 2752 Decembris
687 2685 800 2750 colitur
823 2686 910 2766 apud
938 2685 1160 2751 Usnar·dum².·
1184 2687 1227 2749 In
1250 2706 1339 2770 pago

178 2796 205 2836 25
223 2775 427 2840 Meldicensi
465 2779 605 2840 sanotae
640 2775 747 2840 Parae
781 2775 940 2859 virginis,
979 2796 1110 2856 quocum
1147 2773 1340 2856 epitaphium

224 2865 381 2943 quoddam
416 2863 525 2928 Caroli
560 2863 651 2928 Oaloi
682 2864 830 2945 'tenpore
864 2863 1088 2943 compositurn³
1121 2870 1150 2928 et
1179 2864 1341 2945 Martyra-
1361 2883 1394 2926 ·.
1430 2913 1435 2926 .

224 2950 341 3032 loqium
378 2952 614 3018 Eooriacense4
652 2973 677 3017 c.
713 2973 744 3017 a.
784 2957 878 3014 1200.
918 2951 1121 3033 conveniunt,
1161 2953 1236 3016 dum
1274 2951 1342 3016 dies

224 3040 298 3103 III.
338 3041 423 3104 Non.
459 3042 541 3122 Apr.
579 3041 617 3105 in
649 3039 957 3122 praescriptionibus
994 3040 1134 3105 codicum
1171 3039 1342 3119 inferioris

223 3135 315 3193 notae
331 3130 363 3192 A
380 3130 463 3193 1o³·⁴
479 3131 581 3195 Ionae
604 3129 728 3211 leqitnr.
770 3128 959 3192 Abbotissae
977 3128 1253 3209 Burqnndofarae
1276 3149 1341 3192 snc-

179 3240 206 3278 so
224 3237 340 3282 cessere
369 3217 510 3300 oirqines
538 3217 651 3300 stirpis
680 3217 787 3298 reqiae
809 3217 1002 3298 Anqlorum,
1030 3217 1150 3281 scilicet
1172 3215 1340 3298 Saethrqd,

224 3305 342 3370 Annae
370 3306 456 3387 reqis
478 3307 657 3388 Anqlornm
687 3305 889 3370 orientalium
912 3305 1077 3387 priniana,
1109 3312 1139 3370 et
1160 3304 1366 3386 Aedilberq,

224 3393 361 3458 eiusdem
384 3395 457 3474 filia
479 3395 642 3460 naturalis
650 3416 661 3471 ,·
689 3399 858 3476 praeterea
880 3414 990 3458 earnm
1013 3393 1115 3476 neptis
1138 3395 1342 3476 Earconqota

224 3481 323 3546 eidem
351 3483 543 3549 monasterio
577 3483 739 3564 adscripta
772 3483 871 3547 eroth
931 3482 1008 3548 Oum
1039 3483 1161 3562 fratres
1192 3483 1343 3566 permulti

223 3570 339 3636 ibidem
362 3572 581 3654 consedissent,
612 3571 770 3654 separatis
795 3570 921 3652 quidem
944 3571 1084 3654 aedibus,
1114 3572 1342 3637 monasterium

180 3683 205 3722 u
224 3660 326 3726 altera
349 3660 467 3726 saeculi
490 3661 572 3726 VII.
596 3668 692 3742 parte
720 3660 842 3740 factum
871 3667 917 3726 est
945 3662 1069 3746 duplet,
1100 3661 1243 3744 idemque
1272 3683 1342 3726 cum

224 3748 433 3832 Habendensi
466 3749 698 3814 coniunctionis
731 3748 885 3814 eiusmodi
916 3750 1028 3832 prima
1064 3751 1155 3830 fuere
1188 3751 1341 3834 enempla.

228 3838 315 3918 Quae
331 3837 402 3902 licet
416 3859 487 3903 cum
507 3837 695 3903 Columbani
717 3837 873 3903 institutis
891 3859 1012 3922 parum
1030 3839 1217 3920 conveniret,
1238 3846 1342 3904 tamen

224 3947 263 3989 en
283 3925 364 4007 ipsis
382 3933 492 3991 euorta
507 3933 560 3991 est.
600 3927 672 3991 Piis
688 3926 807 4008 puellis
823 3948 908 3991 unus
922 3929 1039 3992 alterne
1052 3949 1091 3993 en
1103 3927 1342 4010 probatissimis

222 4014 384 4095 fratribus
406 4017 447 4080 ab
470 4015 581 4080 abbate
603 4014 799 4080 Luaooiensi
821 4017 1084 4098 aqqreqabantnr,
1115 4022 1151 4080 ut
1172 4036 1283 4081 curam
1305 4016 1342 4079 iu

178 4125 206 4164 ιο
223 4103 445 4184 spiritualibus
464 4110 618 4186 qererenl,
648 4123 742 4168 senus
763 4102 926 4168 muliebris
948 4125 1021 4168 moa
1043 4105 1125 4169 alios
1154 4104 1340 4182 attrahebat,

223 4191 329 4274 itaque
350 4213 478 4258 inarum
500 4191 694 4257 monasteria
716 4211 882 4256 surrexere
904 4191 996 4256 inccta
1012 4194 1204 4274 puellarum.

224 4331 251 4396 1)
271 4331 300 4384 V.
321 4330 436 4386 Galumb.
455 4329 497 4396 II,
511 4332 553 4385 10.
625 4331 654 4397 2)
673 4331 724 4385 Ed.
743 4330 881 4382 Bouillart
895 4345 924 4394 p.
939 4331 999 4384 197.
1071 4331 1100 4396 3)
1121 4326 1262 4394 Mabrllon,
1280 4329 1342 4382 ΑΔ.

223 4399 271 4455 SS.
291 4401 363 4456 Sacc.
382 4401 495 4466 [1,449.
556 4400 585 4466 4)
608 4400 652 4463 Of.
669 4400 809 4466 Mobillon,
828 4399 946 4450 Annales
964 4399 1021 4458 ord,
1041 4400 1069 4455 S.
1089 4398 1226 4451 Benedicti
1243 4399 1266 4465 l,
1280 4401 1341 4454 434.

224 4473 251 4538 b)
270 4472 353 4539 Bada,
373 4472 445 4526 Hm.
464 4472 521 4524 eccl.
539 4469 598 4534 III,
610 4472 635 4524 8.
