3222 5030
425 467 1059 540 00010,οΙ01000000010101001
1076 467 1117 526 IL
1313 472 1331 526 o

209 661 315 720 autem
343 652 510 734 pascbatis
544 652 749 718 celebratione
783 657 847 716 tota
881 651 1030 716 dioecesis
1063 671 1160 732 quam
1192 651 1331 716 ncauince

204 744 463 824 perturbabatur.
510 741 700 823 Plerumque
723 739 821 806 Scotti
848 739 1108 806 resurrectionen
1137 739 1330 805 dominicam

209 832 276 896 iam
299 831 479 914 septimana
493 837 568 896 anm
582 831 823 910 celebraverant,
847 849 942 910 quam
957 827 1119 910 episcopus
1138 828 1330 894 Gallicanus

210 942 280 986 cum
309 920 377 985 suis
406 921 653 1002 subsequeretur,
683 939 922 1000 nonnunquam
950 923 1086 999 utraque
1112 939 1197 999 pars
1224 939 1330 984 mense

175 1009 332 1092 cinteqro
366 1008 528 1074 disiuncta
562 1014 640 1073 erat.
686 1008 849 1089 Mapnum
880 1013 985 1071 autem
1014 1006 1121 1071 odium
1153 1006 1197 1071 iis
1230 1007 1330 1072 annis

210 1098 308 1164 Scotti
341 1097 506 1179 subibant,
545 1097 659 1179 quibus
689 1095 824 1162 Victorii
857 1101 1024 1160 sectatores
1052 1101 1185 1178 propter
1218 1095 1329 1162 lunam

208 1193 358 1269 quartam
386 1185 540 1252 decimam
568 1185 606 1250 in
628 1185 711 1251 diem
734 1183 927 1250 dominicum
948 1185 1182 1265 subsequentem
1205 1185 1329 1265 pascba

208 1275 417 1356 distulerant·
440 1282 514 1341 tuuc
535 1274 621 1340 enim
643 1281 757 1356 septem
779 1273 986 1339 00000100
1002 1272 1216 1354 anticipantes
1230 1273 1329 1338 oculis

209 1364 467 1430 aduersariorum
483 1363 672 1429 m'debantur
687 1384 752 1428 esse
767 1361 1052 1444 quartodecimani.
1090 1363 1136 1426 Id
1149 1382 1236 1427 auno
1252 1369 1327 1426 600.

163 1477 190 1517 ιο
202 1475 237 1535 p.
267 1453 345 1519 Cbr.
370 1453 495 1535 accidit,
519 1473 580 1535 quo
604 1452 718 1518 Scottis
741 1454 771 1517 d.
796 1459 827 1516 3.
846 1451 976 1533 Aprilis
997 1452 1019 1514 l.
1045 1451 1193 1532 XVIII,
1222 1451 1312 1516 Gall'

207 1549 311 1608 autem
345 1545 374 1608 d.
410 1550 460 1607 10.
484 1540 612 1624 Aprilis
645 1543 665 1606 l.
692 1541 798 1605 XXI.
826 1540 952 1623 pascha
989 1540 1209 1606 celebrandum
1247 1548 1326 1607 erat.

206 1631 359 1714 10000000
381 1653 452 1697 cum
474 1630 770 1714 quartodecimanos
789 1628 1029 1711 deprehendisse
1051 1628 1114 1694 sibi
1135 1629 1326 1712 viderentur,

206 1727 419 1786 conuenerunt
431 1719 679 1802 sententiamque
692 1718 883 1784 unanimam
898 1718 1066 1783 dicerunt:
1085 1717 1179 1784 ί0000
1193 1719 1328 1785 Iudaeis

206 1809 314 1888 facere
337 1810 462 1893 pascba
484 1829 550 1874 uon
572 1808 736 1874 debemus'.
787 1807 999 1873 Oolumbanus
1021 1813 1125 1872 auum
1147 1807 1239 1873 illam
1267 1808 1327 1888 fri·

163 1921 189 1960 a
206 1899 309 1963 oolam
331 1898 558 1981 iupolitamque
579 1897 738 1977 iudicans,
763 1896 946 1963 Candidum
967 1903 1116 1961 rectorem
1132 1896 1328 1978 patrimonii

206 1987 291 2052 sedis
325 1987 514 2070 apostolicae
551 2008 590 2052 ea
623 2008 654 2052 a.
680 1992 754 2051 595.
790 1985 828 2050 in
861 1984 982 2050 Galliis
1014 1991 1190 2050 vasantem
1218 1986 1327 2068 primo

206 2076 325 2142 adiisse
362 2076 495 2158 uidetur,
534 2077 590 2142 sed
625 2095 810 2156 responsum
846 2073 954 2138 minus
987 2073 1165 2152 fauorabile
1198 2074 1325 2157 accepit,

206 2165 325 2231 scilicet
347 2165 495 2247 temporis
517 2164 706 2246 antiquitate
728 2165 880 2228 roborata
893 2161 1015 2227 mutari
1029 2183 1095 2227 non
1111 2183 1215 2244 posse.
1250 2164 1326 2228 Iam

207 2260 303 2319 totam
318 2275 449 2320 canaam
464 2257 509 2319 ad
527 2252 719 2336 Grcporium
728 2273 855 2336 papam
869 2251 981 2316 detulit
989 2252 1010 2333 ¹,
1028 2249 1129 2316 ‘Petri
1144 2252 1326 2318 catbedram

160 2365 189 2405 so
207 2343 340 2424 apostoli
369 2350 399 2408 et
428 2342 631 2408 clauicularii
660 2341 796 2425 lcqilime
824 2340 1033 2422 insidentem',
1063 2347 1099 2404 ut
1127 2340 1230 2422 ipsius
1258 2363 1325 2407 seu-

207 2432 306 2496 tentia
344 2438 401 2497 aut
437 2438 641 2498 excusaretur
677 2437 735 2496 aut
770 2431 979 2495 damnaretur
1015 2429 1235 2496 schismaticus
1271 2430 1326 2496 ille

214 2520 380 2601 Victorius,
412 2542 477 2586 nou
505 2528 646 2603 receptus
677 2523 718 2586 ab
741 2518 931 2586 Hibernicis
960 2518 1105 2600 antiquis
1129 2519 1327 2603 pbilosophis

206 2616 236 2674 et
268 2609 515 2691 sapientissimis
548 2609 753 2692 coucpauendi
790 2607 906 2674 calculi
943 2608 1159 2689 cornputariis.
1217 2608 1327 2690 Ipsius

198 2699 355 2782 paschale
377 2699 499 2764 Romae
527 2697 654 2780 quidem
681 2698 750 2763 iam
779 2697 837 2762 diu
866 2696 1017 2762 abolitum
1045 2703 1123 2779 crat,
1153 2698 1209 2762 sed
1236 2719 1326 2779 quem

160 2809 188 2852 sc
206 2794 281 2854 tuuc
302 2787 349 2852 ibi
361 2787 564 2853 ‘adbibcbant
585 2788 689 2870 cyclus
703 2786 860 2869 Dionysii
874 2785 1000 2868 Euiqui
1017 2807 1052 2851 eo
1069 2786 1173 2868 maqis
1188 2786 1328 2852 distabat

206 2899 228 2942 a
257 2883 357 2942 cetere
387 2877 563 2942 Scottorum
590 2877 823 2958 supputatione.
874 2874 1087 2940 Oduuoauuc
1116 2875 1196 2940 luna
1221 2874 1324 2940 XXI.

206 2971 235 3030 et
259 2964 387 3030 XXII.
411 2964 570 3032 contendit
592 2965 718 3046 pascha
747 2985 814 3030 non
842 2985 917 3045 csse,
947 2963 1097 3028 Anatolii
1123 2965 1267 3047 allcqans
1289 2965 1327 3028 de

200 3054 325 3135 pascba
347 3076 433 3136 opus,
457 3061 550 3136 utque
573 3051 746 3119 Victoriam
768 3075 803 3119 eo
825 3053 928 3135 maqis
943 3053 1108 3134 refelleret,
1125 3075 1188 3135 per
1210 3052 1327 3118 librum

205 3143 261 3224 qui
283 3143 320 3208 in
343 3143 449 3209 Gallis
470 3150 545 3208 tunc
568 3143 849 3222 circumferebatur
871 3142 1026 3224 doqmatis
1045 3142 1199 3224 probauit,
1223 3163 1326 3206 resur-

158 3255 187 3296 so
205 3232 373 3298 rectionem
396 3232 588 3298 dominicam
610 3239 685 3297 ante
707 3230 942 3313 aequinoctimn
956 3251 1088 3296 uernum
1106 3231 1326 3296 celebrandam

205 3342 271 3386 non
305 3342 389 3403 esse;
426 3320 589 3404 iquoraoit
622 3327 727 3386 000000
760 3321 799 3384 de
831 3319 901 3401 ipsa
935 3318 1131 3400 aequinoctio
1160 3325 1326 3400 utramque

205 3410 387 3494 discrepare
403 3417 542 3494 purtem,
567 3431 696 3492 cumque
718 3407 902 3474 aduersarii
920 3407 1103 3474 Nicacuum
1125 3407 1325 3490 accepissent,

205 3609 275 3655 tasse
292 3609 338 3667 est,
356 3604 434 3654 cuius
451 3604 581 3654 mnemia
593 3604 675 3668 fastis
686 3601 901 3654 Luaooicnsibus
912 3600 1105 3668 Martyroloqii
1116 3601 1329 3669 Hieronymiani

205 3674 286 3726 illata
310 3679 347 3725 est
365 3674 437 3738 (cod.
454 3673 597 3742 Eptern.):
622 3671 662 3728 ΙΙ.
681 3671 754 3728 Non.
772 3671 833 3727 Ian.
852 3671 945 3725 Aedui
963 3672 1083 3742 episcopi
1101 3675 1150 3738 (cf.
1171 3673 1214 3728 ‘N.
1233 3675 1326 3729 Arcti!

160 3752 187 3792 so
205 3743 314 3809 XXIV,
336 3761 367 3812 p.
386 3747 460 3802 311).
498 3746 602 3799 Acdeus
626 3745 814 3812 appellabatur
832 3745 915 3796 abbas
937 3745 1130 3797 Benoborcnsis
1153 3747 1266 3808 tertius,·
1292 3747 1326 3810 cf.

205 3816 353 3882 Antiphon.
381 3816 510 3868 Beccobor,
555 3816 603 3881 (F.
631 3815 666 3870 E.
690 3815 808 3868 Warren
836 3815 853 3868 l.
881 3816 897 3870 l.
925 3821 987 3870 torn.
1015 3817 1034 3868 I
1037 3815 1088 3878 V).·
1116 3813 1256 3868 Damnum
1284 3833 1327 3869 or·

204 3886 281 3938 navit
298 3886 365 3953 (scil.
386 3887 524 3953 Christus)
542 3885 678 3941 Aeaeum.
741 3889 767 3952 1)
786 3886 915 3954 Epistula
933 3887 1094 3940 columbani
1109 3888 1146 3938 ad
1165 3888 1328 3954 Grcporium

204 3958 255 4021 (cd.
275 3957 316 4012 W.
337 3958 644 4026 600001000106100.
664 3958 868 4024 ΙΙΙ,156000.)
893 3974 966 4011 anno
989 3961 1056 4012 data
1080 3965 1125 4024 est,
1150 3975 1203 4026 000
1225 3960 1328 4027 pascba

204 4028 355 4080 Scottorum
379 4046 438 4081 oum
465 4031 531 4081 luna
553 4030 634 4087 XIV,
659 4030 727 4094 cycli
748 4030 900 4080 Victmiani
923 4030 1096 4094 conveniebat,
1121 4030 1150 4080 id
1174 4033 1244 4097 quod
1266 4037 1328 4097 poet

157 4107 187 4147 4⁰
204 4115 230 4153 0,
244 4101 305 4155 595.
325 4103 405 4152 annis
423 4106 528 4152 mutum
547 4104 607 4156 600.
625 4106 650 4153 ct
668 4103 730 4155 603.
748 4101 852 4166 auiam
871 4115 980 4166 cumque
998 4117 1031 4152 ca
1047 4102 1161 4168 epistula
1180 4103 1329 4167 insequendi

204 4171 385 4237 intellcqatur,
410 4173 520 4224 candem
542 4174 721 4239 quaestionem
738 4173 856 4223 triennio
873 4178 936 4223 ante
952 4173 1108 4223 omdlatam
1132 4187 1195 4237 csse,
1219 4187 1328 4238 cumque

203 4241 268 4294 baso
286 4257 312 4296 a.
326 4245 386 4297 603.
405 4244 556 4309 uuaripra
573 4247 618 4308 sit,
636 4243 713 4295 illam
731 4260 757 4297 a.
772 4244 833 4298 600.
850 4242 1206 4307 00066006000000010.
1232 4241 1327 4293 Etiam

204 4313 238 4367 A.
257 4313 366 4377 Hauclc,
387 4313 600 4379 ‘Kermmqaca
613 4314 821 4367 Derdscblands'
833 4315 857 4379 I,
871 4329 903 4380 p.
915 4315 966 4367 601
974 4312 992 4377 ⁸,
1010 4313 1045 4363 ab
1062 4313 1112 4364 boc
1130 4327 1202 4363 anno
1219 4313 1327 4379 lmiqinc

203 4385 346 4436 dissentire
363 4386 420 4435 iam
437 4385 532 4450 uomit,
547 4391 690 4452 postquam
708 4386 851 4454 epiusion
867 4401 894 4440 a.
907 4385 968 4439 537.
981 4388 1030 4433 aut
1045 4385 1106 4438 598.
1124 4385 1255 4449 scriptam
1272 4400 1328 4437 csse

157 4461 186 4502 so
205 4455 268 4507 olim
287 4457 388 4508 omma
405 4455 452 4520 (ib.
466 4471 498 4521 p.
509 4455 600 4521 584²).
