3226 5034
445 477 570 546 ΙΟΝΑΒ,
584 477 680 532 VITA
692 477 883 532 VEDASTIS
900 477 1084 534 EPISOOPI.
1272 481 1325 535 sis

205 662 321 728 Iesum
344 660 531 740 Christum,
557 662 613 726 cui
637 665 690 727 est
712 661 846 746 gloria⁸
863 665 898 726 et
921 662 1103 747 imperium
1127 662 1164 726 in
1188 662 1326 726 saecula

205 750 432 816 saeculorum.
480 753 601 816 Amen.

368 941 517 1012 gloriosum
536 941 643 994 obitum
662 941 759 994 urbem
778 941 1004 995 Atravetinsem⁸
1020 940 1097 1010 obiit,
1115 940 1164 994 ubi
1183 957 1262 993 suum
1280 941 1327 995 be-

369 1017 446 1066 atum
464 1010 675 1081 corpusculumb
698 1029 760 1066 cum
786 1029 892 1065 summa
909 1013 1086 1066 veneratione
1104 1012 1133 1064 in
1151 1020 1268 1081 pacem⁰
1285 1029 1328 1066 re·

370 1085 493 1152 quiescit,
512 1082 560 1136 esd
577 1083 634 1136 eius
653 1083 829 1152 sepulchrum
848 1100 910 1136 cum
929 1083 1109 1152 lampadibus,
1134 1092 1266 1150 aurum0‚
1285 1100 1328 1136 ar-

369 1159 493 1225 gentum,
512 1154 649 1224 lapidibus
667 1154 814 1223 praeciosis
833 1155 943 1207 clariter
961 1153 1056 1224 fulget,
1089 1153 1145 1207 Sed
1163 1153 1230 1222 quid
1247 1155 1328 1266 plura

368 1225 507 1280 referam?
543 1225 584 1280 De
603 1225 701 1296 gestat
716 1227 761 1278 vel
779 1226 888 1278 vitsms
903 1225 1037 1278 virtutum
1056 1225 1148 1294 ipsius,
1173 1242 1243 1293 quae
1278 1242 1329 1294 per

370 1298 428 1352 eius
445 1297 575 1350 meritum
593 1295 744 1350 Dominus1
764 1296 907 1350 ostendere
925 1295 1053 1366 dignatus
1072 1301 1120 1363 est,
1140 1312 1232 1349 coram
1250 1313 1328 1366 prse-

369 1368 461 1422 sencia
485 1368 608 1422 fidelium
635 1385 746 1422 suorum
771 1369 885 1438 longum
911 1372 951 1421 est
977 1367 1012 1421 sd
1035 1367 1211 1423 narrandum.
1255 1367 1327 1437 Qus-

369 1443 490 1509 propter,
515 1440 671 1508 legentibus
695 1438 774 1492 nonk
794 1439 829 1492 sit
853 1455 968 1492 onerosa
992 1456 1043 1492 nec
1062 1438 1236 1492 audientibus
1254 1438 1329 1492 fasti-

370 1510 446 1564 dium
472 1509 613 1579 generitl,
637 1511 759 1566 breviter
783 1511 1006 1566 intimavimusm.
1043 1509 1184 1580 Rogemus
1209 1527 1276 1580 ergo
1300 1515 1329 1564 et

371 1581 508 1635 adtentius
526 1582 667 1635 humiliter
685 1583 901 1650 supplicemusss,
920 1585 951 1633 ut
968 1580 1018 1634 fiat
1035 1582 1182 1649 pronubis
1200 1582 1229 1634 in
1247 1583 1329 1635 caelis

370 1669 463 1706 coram
482 1654 590 1706 excelso
609 1653 781 1722 intercessor,
800 1653 847 1721 qui
859 1670 910 1721 pro
923 1653 1045 1706 christio
1063 1669 1157 1706 amore
1175 1653 1229 1706 fuit
1240 1652 1329 1707 fidelis

371 1724 510 1778 confessor
534 1742 619 1793 usque
644 1725 679 1777 ad
704 1731 821 1777 mortem
856 1725 884 1776 in
910 1725 989 1778 terris
1014 1726 1077 1776 add.
1103 1726 1128 1776 B
1141 1727 1165 1778 1.
1185 1727 1228 1779 ‘iu
1248 1726 1270 1780 b.
1293 1757 1330 1764 —

370 1795 459 1863 Nunc,
485 1795 556 1848 sicut
581 1796 702 1866 superius
721 1796 940 1864 memoravimus,
967 1795 1039 1848 unde
1057 1794 1192 1864 originem
1211 1795 1329 1864 duxerit,

370 1871 461 1919 ratum
480 1867 618 1922 ducamus.
656 1866 691 1920 In
709 1866 861 1935 Aquitania
879 1866 1010 1919 oriundus
1032 1865 1084 1918 luit
1108 1867 1244 1920 nobilibus
1266 1885 1329 1934 pro·

371 1938 416 1992 cul
447 1938 530 1990 dubio
561 1938 705 1993 natalibus.
753 1941 947 2006 [Aquitaniam
979 1954 1038 1990 oum
1072 1941 1176 2004 eripies
1210 1939 1331 1991 Tulleusi

371 2009 555 2062 Herssclsene'us
588 2013 627 2061 itu
662 2012 817 2074 coniunxit,
859 2017 889 2061 ut
923 2010 1027 2062 Leuess
1061 2012 1225 2076 Aquitaniae
1261 2011 1331 2063 locus

371 2081 449 2146 fictum
472 2083 561 2132 senui
581 2084 677 2149 putria
701 2087 873 2148 statueretur,
896 2097 949 2149 pro
973 2082 1059 2134 autb
1083 2081 1118 2132 ln
1143 2111 1174 2120 -
1194 2081 1330 2135 natalibus

372 2169 467 2205 norem
487 2153 716 2220 interpolationem
735 2153 844 2216 addens,
869 2168 937 2220 puae
954 2156 984 2204 in
1002 2153 1073 2206 B3u
1095 2155 1245 2218 praemisso
1270 2153 1330 2205 lem-

371 2229 457 2276 mate:
475 2221 547 2275 item
566 2223 635 2276 alius
652 2223 783 2292 prologus
801 2223 830 2275 in
848 2224 906 2276 vita
920 2223 1070 2276 beatissimi
1082 2221 1197 2277 Vadasti
1209 2222 1330 2291 episcopi

372 2296 483 2346 Alcur'ni
507 2297 649 2362 epiusdam
673 2295 842 2362 subsequitur
866 2300 944 2362 atque
969 2297 1005 2346 ud
1029 2297 1196 2347 vetustiorem
1220 2297 1330 2348 codicem

368 2369 494 2432 pertinet,
512 2368 577 2418 dum
589 2366 671 2418 Ionae
683 2368 840 2434 opusculum
853 2366 964 2418 schedas
975 2372 1064 2432 postea
1077 2369 1193 2419 insertas
1206 2372 1330 2433 occupet:

372 2436 522 2504 Aquitania
539 2441 662 2490 montem
681 2436 772 2504 habet,
798 2437 846 2504 qui
871 2437 1012 2505 equalibus
1030 2454 1101 2506 pene
1119 2437 1217 2505 spaciis
1235 2436 1330 2490 Petra·

372 2508 494 2577 goricam
513 2511 541 2560 et
559 2507 738 2561 Lemovicum
757 2507 881 2561 civitates
899 2508 1011 2564 dirimit.
1048 2507 1131 2560 Mons
1149 2509 1196 2562 ille
1214 2525 1330 2578 magnus

373 2584 401 2632 et
418 2579 460 2632 sui
474 2579 628 2646 quantitate
645 2579 764 2632 multum
782 2583 855 2632 terre
873 2596 1018 2649 occupans,
1041 2580 1123 2648 longe
1141 2579 1251 2647 lateque
1269 2581 1329 2633 alti-

372 2649 468 2703 tudine
487 2649 545 2704 fere
563 2652 650 2704 nubes
667 2655 822 2720 penetrans,
842 2651 865 2704 si
882 2668 979 2719 graves
997 2652 1059 2706 sint.
1090 2649 1181 2719 Super
1199 2669 1330 2705 cacumen

372 2723 430 2775 eius
455 2722 573 2790 antiquis
599 2726 626 2775 et
651 2721 791 2790 preteritis
816 2723 934 2776 statibus
959 2723 1096 2776 incertum
1121 2739 1157 2775 an
1181 2722 1277 2776 civitas
1295 2740 1331 2776 an

372 2797 492 2846 castrum
522 2793 604 2846 situm
635 2792 702 2864 fuit,
734 2793 810 2847 cuius
841 2793 1033 2847 enormitatem
1064 2799 1092 2846 et
1121 2793 1331 2846 munitissimam

372 2863 605 2933 magnificentiam
630 2865 771 2917 ruinarum
797 2864 899 2918 indicia
924 2871 951 2917 et
975 2866 1062 2918 moles
1087 2864 1178 2917 dirute
1201 2865 1265 2917 satis
1284 2865 1331 2918 de·

371 2939 534 3002 monstrant,
561 2939 664 3002 quanta
683 2936 765 2988 fuerit
783 2952 827 2988 res
851 2936 931 3003 *ipsa
967 2935 1076 2988 Nomen
1094 2935 1195 2988 montis
1213 2952 1247 2987 ex
1265 2940 1331 2989 tunc
1350 2951 1383 3000 ’μ
1395 2950 1442 2989 414.

373 3009 402 3058 et
419 3023 493 3058 nunc
511 3005 620 3058 Leucus
639 3010 693 3073 est;
720 3024 753 3058 ex
773 3006 884 3058 nomine
902 3007 1003 3058 montis
1022 3009 1141 3058 castrum
1160 3006 1229 3058 illud
1247 3006 1332 3059 etism

372 3093 473 3128 nomen
499 3077 627 3128 sortitum
653 3080 705 3144 est,
736 3075 784 3128 sed
809 3080 837 3128 et
861 3075 978 3144 populus
1003 3075 1123 3144 regionis
1148 3077 1220 3128 illius
1245 3077 1332 3130 Leuci

373 3150 437 3198 sunt
467 3145 541 3214 dicti,
572 3145 693 3199 maxima
722 3163 786 3214 pars
813 3145 963 3212 Aquitanie
993 3163 1077 3214 usque
1107 3147 1136 3199 in
1166 3146 1330 3204 Occeanum.

373 3216 467 3270 Testes
492 3221 556 3269 sunt
580 3220 713 3285 perpetus
737 3217 811 3268 fama
834 3221 863 3269 et
881 3217 972 3284 plures
991 3217 1125 3285 scripture
1142 3219 1218 3270 iamu
1242 3219 1331 3289 hodie,

374 3288 447 3356 quod
472 3287 521 3340 ills
546 3287 639 3340 omnia
664 3288 703 3340 ita
727 3292 929 3355 nuncupantur.
965 3288 1007 3342 De
1025 3288 1125 3341 Leucis
1151 3304 1216 3358 ergo
1235 3291 1332 3344 beatus

373 3358 512 3412 Vedastus
542 3357 673 3411 oriundus
703 3358 763 3427 fuit,
793 3359 932 3412 nobilibus
955 3360 1052 3427 procul
1077 3359 1161 3413 dubio
1186 3361 1332 3429 natalibus,

373 3431 500 3500 prosapia
526 3431 596 3482 sicut
621 3429 748 3499 ingenua,
778 3429 817 3482 ita
842 3430 942 3499 insigni
973 3435 1000 3484 et
1025 3431 1141 3500 famosa,
1172 3433 1332 3501 prediorum

374 3500 516 3555 affluentia
534 3506 562 3555 et
580 3501 768 3554 habundantia
786 3501 944 3554 divitiarum
962 3502 1175 3572 locupletissimi,
1198 3508 1230 3557 ut
1247 3505 1333 3558 nichil

375 3573 409 3626 de
432 3573 548 3626 seculari
573 3571 691 3625 defuerit
716 3573 812 3642 gloria.
850 3573 925 3626 Puer
954 3574 1044 3627 studio
1074 3574 1228 3628 litterarum
1258 3576 1332 3629 felici

375 3643 495 3713 auspicio
514 3643 685 3712 mancipatus
704 3648 753 3712 est,
779 3662 843 3697 nam
867 3645 959 3698 omnia
977 3662 1031 3713 que
1050 3645 1085 3698 ad
1103 3646 1258 3700 institutum
1277 3651 1332 3701 etu-

375 3815 428 3864 Cap.
443 3815 476 3854 10.
505 3816 525 3853 A
533 3815 567 3854 la.
578 3815 598 3854 2.
609 3815 644 3856 3α.
655 3815 675 3855 o.
687 3827 704 3854 c.
725 3815 771 3854 131.
782 3815 817 3858 aa.
826 3817 846 3855 b.
857 3817 891 3855 ea.

321 3903 382 3950 cap.
398 3904 431 3942 10.
460 3905 482 3954 a)
500 3905 532 3942 itu
549 3904 611 3956 Ala,
629 3905 666 3942 ubi
684 3904 784 3953 Explicit
802 3905 850 3943 vita
867 3905 938 3944 sancti
953 3903 1045 3944 Vedastl
1063 3917 1092 3946 m.
1113 3908 1143 3949 al.
1157 3907 1219 3955 aaa.;
1242 3909 1278 3946 cui
1299 3912 1333 3947 est

215 3956 287 3994 honor
302 3960 324 3994 et
338 3956 353 3994 i.
369 3956 449 4006 (gloria
462 3958 524 3996 Aia.
537 3958 555 4008 c)
576 3958 600 3996 in
614 3959 691 3997 secula
705 3959 838 4000 seculorum.
859 3958 932 3997 Amen
946 3959 1006 3998 Alo.
1018 3960 1052 3999 ea.
1064 3971 1087 4009 c;
1107 3961 1143 3998 cui
1157 3965 1191 3999 est
1206 3959 1232 4012 etl
1247 3959 1333 4013 {Explic

167 4006 197 4045 45
215 4007 253 4060 vid
273 4008 339 4058 est;
364 4009 409 4059 (eui
423 4032 446 4039 —
462 4012 580 4060 imperium
601 4011 653 4061 om.)
674 4012 698 4050 in
716 4012 792 4050 secula
812 4013 946 4052 seculorum.
969 4014 1047 4055 Amen.
1074 4013 1174 4062 Explicit
1193 4015 1241 4052 vita
1261 4015 1334 4053 sancti

215 4059 309 4100 vedasti
323 4063 423 4112 episcopi
436 4065 488 4112 125
510 4065 546 4103 cui
568 4070 602 4103 est
621 4065 700 4113 honor,
722 4066 771 4103 laus
792 4063 868 4114 (decus
882 4065 951 4116 Bau),
971 4067 1332 4118 virtus,gloria(etadd.132b),

215 4125 309 4164 regnum
327 4117 488 4164 sempiternum
506 4129 567 4156 nunc
590 4123 613 4156 et
636 4117 733 4168 (semper
756 4119 807 4158 add.
827 4119 888 4169 Bia)
909 4130 950 4167 per
970 4119 1057 4159 infinita
1077 4122 1166 4160 saecula
1186 4121 1333 4163 saeculorum.

215 4169 295 4209 Amen.
324 4169 425 4218 Explicit
438 4171 486 4209 vita
499 4171 572 4210 sancti
586 4171 678 4210 Vedastl
692 4171 800 4221 (episcopi
814 4173 863 4213 aad.
878 4173 939 4211 ssa.
950 4173 970 4224 b)
985 4175 1030 4216 Bi.
1041 4175 1074 4212 ia.
1085 4175 1105 4212 b.

322 4223 431 4270 eap.1o.
451 4224 532 4263 Noto.
559 4225 869 4274 aluAtrabstensemBia3
885 4227 1170 4266 urbestravetensessto.
1219 4226 1334 4277 b)corpus

168 4273 197 4312 50
215 4275 309 4314 colimus
323 4287 372 4314 cum
388 4277 446 4317 Bas.
500 4277 520 4328 c)
535 4289 590 4326 pace
605 4279 670 4326 B2u3
686 4278 709 4316 in
724 4289 746 4326 p.
761 4290 780 4317 r.
794 4289 835 4317 om.
851 4279 911 4319 Bao.
965 4278 988 4330 d)
1004 4281 1042 4318 ubi
1056 4281 1105 4321 add.
1121 4281 1180 4320 Bao.
1234 4281 1255 4331 e)
1270 4291 1332 4331 auro,

216 4333 308 4375 argento
322 4330 383 4368 Bao.
459 4331 476 4382 i)
495 4333 527 4369 itu
541 4332 605 4379 Bia3
626 4330 719 4382 lestap)
734 4342 762 4370 m.
778 4333 807 4369 al.
822 4343 879 4371 corr.
895 4333 963 4379 gestis
977 4334 1016 4372 Bl
1031 4337 1051 4371 et
1064 4334 1169 4372 sicBib.
1245 4335 1268 4384 g)
1286 4335 1333 4374 rita

215 4383 307 4422 Bias.
370 4383 393 4434 ls)
408 4385 439 4422 ita
453 4386 549 4434 B2a.b;
570 4395 692 4433 perquem
705 4385 752 4422 Bi.
814 4384 830 4435 i)
844 4396 885 4428 om.
899 4385 958 4427 Bao.
1019 4386 1043 4436 k)
1057 4397 1098 4425 scr.
1114 4397 1149 4426 ne.
1211 4387 1227 4436 l)
1242 4395 1335 4434 generet

215 4436 284 4484 Bion
304 4443 414 4485 generent
427 4439 486 4477 Bao.
553 4439 582 4488 m)
601 4438 729 4476 intimamus
743 4438 790 4486 131,
806 4449 863 4478 corr.
936 4439 959 4490 n)
974 4440 1006 4478 ita
1020 4440 1080 4479 Bia.
1096 4441 1120 4490 ⁶5
1142 4441 1272 4490 subpliciter
1286 4442 1333 4482 Bl.

213 4489 237 4540 o)
251 4489 342 4530 Christo
352 4501 390 4539 pr.
405 4503 434 4530 m.
450 4492 497 4530 Bi.
553 4491 576 4542 p)
591 4491 709 4540 scripture.
731 4491 787 4530 Nam
801 4491 823 4532 h.
839 4491 900 4530 ssa.
