3226 5034
293 453 347 506 320

533 448 658 518 IONAS,
671 447 768 505 VITA
781 447 970 504 VEDASTIS
988 447 1171 504 EPISOOPI.

453 625 530 680 dium
561 626 730 695 attinebant,
761 626 854 680 divino
884 629 1049 696 suggerente
1079 625 1224 696 suffragio,
1255 625 1413 694 plenissime

452 697 551 754 hausit.
582 697 688 753 Verum
706 697 734 750 in
752 697 794 751 his
806 697 932 751 omnibus
945 699 1021 750 nullo
1034 697 1133 751 abusus
1146 701 1195 763 cst,
1214 697 1262 750 sed
1274 697 1413 766 gradatim

453 769 489 822 ad
507 786 613 822 summa
631 770 760 837 aspirans,
779 786 844 822 vere
862 769 1012 822 secundum
1030 768 1119 822 Deum
1139 773 1167 821 et
1185 786 1238 836 quc
1257 767 1330 820 illius
1348 771 1413 821 sunt

453 840 565 894 demum
583 839 771 909 phylosolatns
790 843 838 908 est,
858 845 889 893 ut
907 840 996 893 solum
1009 839 1099 893 Deum
1118 843 1146 892 et
1163 840 1336 892 voluntatem
1354 839 1413 892 eius

453 916 480 964 et
507 915 637 980 precepta
665 912 876 980 amplecteretur
900 916 991 964 certus
1015 911 1050 965 de
1078 911 1198 979 reposito
1224 910 1324 964 fructu.
1368 912 1413 962 Ea
1436 927 1452 966 5

453 1000 520 1051 quaa
543 985 572 1034 in
597 985 682 1036 altero
705 985 818 1049 protoyo
844 985 940 1036 codicis
965 985 1041 1038 B3a
1063 989 1212 1050 sequuntur
1236 983 1333 1034 mbo:
1358 981 1413 1033 De-

451 1071 527 1106 mum
548 1085 585 1092 —
606 1057 634 1106 et
651 1053 707 1106 vite
730 1057 832 1109 eterne.
869 1052 991 1122 Explicit
1015 1053 1146 1122 prologus
1170 1055 1250 1106 ettam
1276 1056 1306 1105 ia
1331 1053 1413 1106 Ionae

453 1126 577 1192 opusculo
601 1126 761 1192 interpolato
786 1127 920 1192 leguntur,
945 1128 1014 1176 sicut
1038 1141 1070 1178 aa
1094 1127 1172 1190 infra
1197 1127 1335 1191 scampai.
1372 1125 1414 1176 De

452 1197 538 1248 leuco
554 1199 644 1248 sancti
656 1199 754 1263 patria
772 1215 795 1251 o.
813 1197 1034 1262 ‘Mittheilungan'
1047 1196 1128 1262 XIV,
1142 1196 1263 1262 12434J.
1294 1194 1412 1248 Demum

452 1266 623 1319 beatissimus
649 1267 711 1334 plus
736 1284 818 1335 quam
851 1266 1008 1320 adolescens
1036 1271 1164 1334 parentes
1193 1265 1273 1335 fugit,
1304 1265 1464 1322 divitias1o

453 1338 618 1406 contempsit
642 1342 769 1405 paternas
795 1342 822 1390 et
847 1339 964 1407 gloriam
990 1341 1017 1390 et
1043 1337 1224 1406 amplissimas
1252 1337 1412 1405 prediorum

452 1409 668 1476 possessionesss,
696 1409 751 1462 acsi
776 1409 934 1463 brevissime
960 1413 1065 1462 essent:
1095 1409 1134 1461 ita
1164 1408 1283 1476 patriam
1309 1408 1412 1476 evasit3

453 1480 585 1548 applicuit
618 1478 731 1534 tandem
762 1479 802 1532 ita
833 1480 977 1546 solitarius,
1007 1480 1047 1533 ita
1071 1497 1172 1532 vacuus
1197 1479 1232 1532 ad
1257 1478 1334 1546 fines,
1364 1479 1413 1546 qui

452 1553 622 1604 Alamannos
640 1551 817 1619 prospiciunt.
854 1550 899 1605 Ibi
924 1551 959 1604 de
983 1552 1045 1604 loco
1071 1550 1106 1604 ad
1131 1552 1224 1604 locum
1242 1567 1346 1619 pauper
1365 1567 1412 1602 ex-

453 1623 538 1675 ulavit
563 1639 613 1691 pro
640 1639 733 1675 amore
750 1622 803 1675 Dei
828 1626 856 1675 et
873 1623 930 1675 vite
955 1627 1073 1676 aeterne.
1110 1621 1147 1675 Et
1165 1622 1229 1690 quia
1247 1626 1324 1674 tanto
1343 1624 1411 1674 tem·
1434 1640 1463 1679 15

452 1710 520 1762 pore
545 1693 574 1746 in
598 1693 722 1762 partibus
747 1693 801 1746 illis
826 1698 1001 1746 conversatus
1027 1693 1087 1760 luit,
1113 1694 1202 1746 incole
1227 1692 1300 1745 illius
1322 1693 1412 1760 patrie

452 1764 678 1818 existimaverunt
690 1763 767 1816 illum
781 1768 809 1818 et
821 1764 910 1818 adhue
923 1764 1078 1816 existimant
1090 1763 1119 1816 in
1132 1764 1222 1831 Tullo,
1241 1768 1307 1816 tuuc
1319 1763 1411 1832 opido,

451 1853 524 1888 nunc
550 1836 669 1902 civitate,
695 1834 777 1888 fuisse
801 1839 906 1902 natum,
931 1842 954 1888 a
979 1837 1051 1890 aaa
1073 1837 1183 1902 desinit,
1210 1852 1287 1888 meu
1312 1851 1365 1887 uno
1389 1842 1413 1886 et

451 1908 562 1960 dimidio
580 1910 671 1960 vacuis
687 1909 795 1972 relecto,
814 1913 838 1958 et
854 1912 943 1960 tactus
960 1907 1189 1973 Henaehenicnua,
1207 1910 1238 1958 in
1256 1922 1307 1973 quo
1329 1909 1412 1958 inter-

447 1980 552 2045 polatio
570 1979 670 2045 duplam
688 1979 789 2030 coaluit
806 1986 832 2030 at
848 1978 932 2030 Ionas
949 1984 973 2029 et
993 1979 1108 2032 Alcuint.
1433 2000 1464 2038 20

452 2157 518 2204 Gap.
534 2157 570 2197 10.
601 2156 625 2194 N
629 2159 686 2195 ota.
728 2155 749 2207 a)
764 2156 796 2194 ita
810 2156 896 2204 sprevit
909 2156 961 2195 add.
976 2155 1067 2194 amca.
