3226 5034
268 475 322 528 308
508 468 634 538 IONAS,
647 467 744 522 VITA
756 465 946 523 VIIDASTIS
964 465 1146 523 EPISGOPI.

270 653 383 718 labere
405 673 471 717 non
487 657 622 734 poterat,
647 672 711 734 qua
734 673 765 715 a.
783 655 858 713 507.
880 651 1003 714 clemnm
1022 645 1168 714 Francos
1184 648 1301 730 potitos
1323 669 1390 714 esse

269 741 375 824 uoluit,
407 747 498 823 atoue
523 747 693 824 praeterea
716 761 786 804 cum
809 737 1010 802 Asianorum
1040 737 1148 802 stuolia
1178 737 1281 802 animi
1303 739 1389 819 repis

270 831 474 895 Francorum
497 828 653 911 capiendi,
685 835 750 892 tum
773 827 842 892 alia
865 826 1031 908 relipionis
1053 847 1151 891 causo
1174 832 1231 891 out
1249 834 1388 908 praeter-

269 919 358 983 misit
376 925 433 984 out
449 918 635 982 immutavit.
667 918 721 981 Ita
733 915 1004 998 Burpundiouum
1020 917 1104 996 qnod
1117 915 1260 980 Francis
1278 922 1389 980 contra

274 1007 394 1073 Gothos
423 1030 453 1072 a.
480 1013 553 1070 507.
579 1007 719 1072 tulerant
744 1004 904 1070 ancilium
926 1004 1054 1069 oruuiuo
1083 1004 1257 1085 suppressit
1266 1005 1286 1084 1,
1317 1004 1422 1069 obios

269 1095 471 1160 Ariauorum
495 1096 606 1159 bellum
629 1100 810 1159 commotum
829 1114 894 1158 esse
912 1099 1061 1174 statuens,
1086 1095 1169 1174 0000
1185 1093 1306 1172 falsum
1323 1115 1389 1156 esse

269 1185 336 1250 iam
351 1185 509 1266 Malnorp
519 1183 683 1264 perspexit
691 1186 715 1265 ²,
732 1184 780 1247 lta
795 1204 826 1246 0.
841 1189 915 1246 522.
932 1183 977 1246 ad
990 1203 1095 1247 necem
1113 1182 1178 1261 ullu·
1193 1181 1389 1265 expiandam

270 1297 292 1339 o
315 1273 520 1355 Sipismumlo
544 1272 751 1352 psallentiam
774 1271 939 1336 assiduum
961 1272 1049 1352 apud
1070 1270 1277 1335 Acaunenses
1298 1270 1388 1334 iusti·

270 1369 369 1427 tutum
399 1383 463 1426 esse
494 1360 621 1442 ooluit3,
652 1363 735 1442 quoil
763 1381 798 1424 re
821 1380 897 1424 uero
920 1381 950 1424 o.
969 1365 1043 1422 515.
1068 1359 1137 1423 alia
1159 1360 1197 1423 ele
1220 1381 1318 1424 causa
1340 1359 1388 1423 iu-

270 1451 411 1516 stitutum
441 1457 486 1514 est
494 1451 516 1511 4.
568 1449 723 1532 Greporio
752 1449 858 1530 itaque
887 1450 964 1513 ‹luoe
994 1447 1074 1513 satis
1103 1450 1198 1528 firmo
1227 1447 1265 1512 in
1296 1449 1390 1512 rebus
1410 1474 1439 1514 ιο

270 1539 360 1604 illius
383 1539 454 1604 oeoi
476 1538 703 1604 examinandis
725 1537 773 1602 uti
795 1538 851 1617 fos
872 1558 937 1601 non
960 1543 1013 1602 est.

381 1627 591 1692 Theodericus
612 1648 670 1691 reu
697 1627 952 1708 Ostropotborum
979 1628 1023 1690 ael
1049 1625 1294 1691 Obloelooeclum
1316 1632 1391 1707 post

270 1716 435 1782 uictoriam
458 1716 709 1780 Alamannioam
733 1715 855 1780 litteras
878 1715 970 1796 dedit,
994 1721 1030 1778 ut
1052 1715 1165 1779 eleoicti
1181 1715 1295 1796 populi
1317 1715 1388 1778 reli-

270 1805 356 1888 quiis
379 1812 527 1887 parceret
556 1805 593 1869 in
621 1805 725 1886 ipsius
754 1807 836 1882 lines
865 1804 1119 1886 consumentibus
1128 1804 1150 1864 ⁵.
1201 1805 1291 1885 Quod
1319 1825 1388 1868 eon-

271 1894 476 1960 sentientibus
499 1894 631 1975 reliquis
653 1893 795 1972 fontibus
818 1915 848 1956 a.
870 1898 944 1956 507.
969 1892 1135 1974 contigisse
1158 1899 1283 1974 oportet,
1308 1914 1437 1958 cum-1⁶

271 2005 329 2065 que
375 1983 534 2066 triumpho
571 1982 787 2047 Alamanniae
829 1981 1017 2063 baptismum
1061 1981 1147 2063 repis
1184 1982 1389 2046 Francorum

276 2072 451 2154 Greporius
485 2071 678 2152 acliuunerit,
713 2071 797 2135 0000
830 2073 873 2136 00
906 2070 989 2135 idem
1023 2077 1143 2154 tempus
1176 2070 1295 2135 rettulit
1326 2071 1386 2133 Fr.

279 2161 403 2243 Vopel⁶,
438 2161 475 2225 to
507 2163 590 2242 quool
617 2167 748 2241 propter
780 2162 889 2225 urbem
927 2159 1120 2224 Turouioam
1153 2166 1183 2224 et
1214 2159 1281 2240 ipse
1314 2159 1387 2238 feci.

272 2251 375 2314 Porro
398 2249 532 2314 uictoria
560 2250 618 2312 illo
641 2271 662 2313 a
684 2249 860 2332 receptione
881 2249 1141 2314 Alamannorum
1164 2248 1389 2329 elistiupnenola

271 2345 324 2420 est,
345 2360 425 2420 quae
444 2339 542 2403 annis
560 2337 724 2402 nonnullis
736 2345 811 2418 post
827 2338 918 2403 illam
936 2338 1026 2417 faeta
1044 2358 1108 2402 esse
1123 2343 1224 2418 potest
1235 2337 1254 2400 ⁷.
1290 2337 1388 2400 Proe—
1408 2363 1439 2401 so

271 2434 357 2492 terea
387 2427 545 2508 baptisato
575 2427 643 2508 rapi
666 2427 870 2491 Francorum
894 2426 1040 2491 Nicetius
1069 2447 1120 2490 res
1149 2425 1295 2490 attribuit
1323 2447 1388 2490 uon

271 2517 371 2579 solum
401 2516 436 2579 in
460 2515 637 2595 Alaricum,
672 2516 727 2578 secl
760 2515 870 2580 etiam.
884 2515 922 2580 in
952 2515 1182 2580 Gundebadum
1215 2514 1389 2579 haereticos

269 2611 387 2687 aestas,
399 2625 479 2684 quoe
494 2605 538 2667 orl
553 2605 633 2668 bella
651 2603 899 2686 Wisiyotborum
915 2603 962 2684 (a.
976 2605 1057 2686 507)
1075 2610 1104 2668 et
1118 2603 1388 2685 Burounclionum

272 2691 319 2773 (a.
338 2696 417 2776 500)
442 2699 581 2774 spectare
602 2692 758 2773 uiolentur,
789 2691 928 2773 illudque
948 2692 1082 2774 pronius
1104 2692 1204 2757 simili
1227 2691 1388 2758 occasione

194 2801 203 2819 ·
271 2788 344 2846 ante
367 2783 423 2846 boc
446 2781 607 2846 eollooaon't
627 2781 696 2862 ipse
719 2781 923 2862 Greporius8.
963 2781 1014 2844 Ab
1037 2802 1123 2846 anno
1146 2787 1222 2845 406.
1246 2782 1388 2846 recedere
1407 2806 1437 2845 sc

271 2891 393 2935 neeesse
414 2869 544 2934 minime
567 2877 619 2950 est,
651 2869 680 2934 si
702 2871 811 2934 urbem
838 2869 1030 2935 Turonicam
1053 2870 1196 2934 Francis
1224 2877 1297 2934 tuno
1319 2870 1386 2933 sub-

269 2959 383 3024 ieotam
407 2980 471 3023 esse
494 2959 651 3041 statueris,
682 2958 811 3040 ideoque
841 2959 1020 3023 coniectura
1043 2958 1263 3024 Leoisoniona
1290 2965 1387 3040 prata

270 3054 455 3129 acceptoque
477 3048 624 3112 babendo
653 3054 706 3112 est.
758 3049 849 3129 0000
877 3054 980 3112 autem
1010 3055 1083 3112 aute
1113 3048 1169 3112 bos
1192 3068 1295 3112 anuos
1318 3068 1386 3112 eon-

270 3138 433 3218 oluserom,
458 3137 568 3201 Remis
589 3158 692 3218 repom
708 3136 901 3218 baptizatum
920 3136 1050 3201 minime
1069 3158 1134 3200 esse
1156 3158 1254 3218 neque
1272 3156 1387 3200 causas

269 3225 334 3306 ipsi
362 3225 464 3305 fuisse
493 3247 555 3306 eas,
592 3247 672 3306 quas
706 3213 885 3306 Greporius'
910 3225 940 3288 ei
969 3225 1140 3306 supposuit,
1175 3225 1264 3290 urbis
1297 3224 1387 3288 illius
1407 3249 1436 3288 co

270 3315 451 3394 defensores
466 3335 586 3396 semper
600 3313 763 3379 reminisci
778 3316 869 3395 (lecet,
890 3313 1070 3397 opinionem
1085 3335 1192 3379 eorum
1207 3335 1287 3378 saec.
1304 3313 1385 3376 VII.

269 3405 349 3468 meet.
373 3405 496 3468 lenium
519 3402 680 3468 emersisse
703 3405 790 3483 apuil
811 3409 963 3483 auctores,
987 3402 1042 3484 qui
1065 3402 1147 3467 siout
1168 3401 1387 3484 Freeloparius

270 3493 307 3556 ele
334 3492 488 3576 baptismo
516 3493 605 3570 falsa
635 3497 740 3572 operte
769 3493 964 3572 rettulerunt,
995 3497 1088 3572 atque
1116 3491 1267 3573 Greyorii
1294 3511 1386 3572 orpu-

269 3581 491 3646 mentotiouem
525 3580 628 3662 accepi
662 3601 727 3644 nou
755 3601 848 3661 posse
877 3580 932 3644 oio
960 3580 1128 3661 quisquam
1158 3580 1297 3664 uepobit,
1331 3578 1387 3660 qui

270 3672 386 3750 absque
409 3669 556 3751 opinione
572 3669 798 3751 praeiudicata
820 3671 864 3734 ael
881 3675 1023 3733 auctores
1041 3670 1187 3750 aequales
1211 3667 1437 3734 accesseras

1038 3794 1078 3857 B.
1104 3794 1277 3858 Krusol.

271 3986 297 4054 1)
325 3986 372 4040 SS.
394 4001 449 4040 ror.
468 3984 566 4039 Mer-oo.
586 3985 642 4050 III,
663 4001 692 4051 p.
710 3987 772 4049 467,
797 4001 824 4040 n.
842 3987 866 4040 5.
948 3985 976 4054 2)
1002 3986 1141 4051 Moluory,
1161 3987 1285 4038 ‘Ctsoe'rc'
1300 4002 1330 4052 p.
1343 3989 1385 4040 91.

269 4061 297 4125 3)
319 4057 407 4124 Grep,
425 4056 462 4110 H.
475 4056 524 4110 Fr.
536 4057 594 4120 HI,
607 4060 632 4111 5.
699 4057 727 4122 4)
746 4056 818 4122 Epir}
838 4056 1049 4122 ‘Kircbcupesclu
1069 4059 1117 4108 cler
1133 4057 1256 4109 Seleucia)
1276 4057 1386 4123 (‘Tbeo-

270 4129 383 4195 lopisclec
400 4129 529 4182 Zeitscbr.
550 4143 600 4178 aus
618 4129 666 4178 oter
678 4127 803 4179 Schweir'
818 4129 895 4191 1892,
909 4128 960 4192 ΙΧ,
976 4145 1006 4194 p.
1020 4130 1068 4190 86)
1074 4152 1082 4194 ,·
1100 4129 1214 4192 Arnolt,
1233 4128 1387 4180 ‘Caesarius

269 4217 292 4254 o.
311 4199 427 4252 Arelatc'
443 4216 472 4266 p.
485 4202 546 4265 210,
570 4201 616 4266 qui
639 4199 674 4249 ad
695 4202 895 4264 prapmaticam
914 4215 994 4266 quom
1012 4199 1103 4250 dicunt
1122 4201 1239 4250 auctoris
1256 4202 1386 4252 rationem
1403 4216 1437 4256 40

269 4273 378 4323 eandem
396 4271 499 4334 falsam
522 4286 639 4322 errorem
657 4278 723 4321 recto
749 4271 858 4324 rettulit.
950 4269 976 4339 5)
998 4271 1152 4322 Cassiodori
1168 4271 1268 4321 Variae
1287 4271 1328 4336 II,
1342 4273 1385 4325 40.

270 4342 296 4409 6)
311 4343 354 4396 (Ν.
366 4341 460 4396 Arcto!
469 4341 582 4407 XXIII,
598 4358 627 4407 p.
637 4343 679 4395 74.
736 4343 762 4408 7)
776 4341 819 4394 ‘N.
833 4341 926 4394 Arcto!
938 4341 1007 4404 XII,
1017 4359 1045 4408 p.
1059 4345 1127 4399 295,·
1139 4342 1294 4407 Mommsen,
1308 4342 1385 4396 Anat.

270 4415 353 4477 antio.
367 4413 435 4476 XII,
451 4429 479 4477 p.
493 4412 634 4465 XXXIII.
706 4413 734 4478 8)
747 4413 784 4462 At
798 4412 954 4478 &reportas
973 4413 1010 4466 H.
1023 4413 1072 4466 Fr.
1083 4413 1138 4472 III,
1157 4413 1239 4478 Prot,
1261 4413 1386 4465 bellorum

270 4498 369 4548 quoque
393 4485 524 4532 rationem
547 4483 669 4534 babuisse
693 4483 805 4549 violetur,
831 4499 897 4551 quae
916 4485 970 4548 filil
986 4483 1156 4537 Cblodooeclt
1180 4501 1238 4536 cum
1257 4485 1385 4548 Buranu-

269 4552 393 4603 ‹lioutbus
410 4558 553 4617 pesonam.
1403 4570 1437 4610 45
