3222 5030
186 1118 263 1168 ⁸ass.

281 463 317 518 58
494 459 620 529 IONAS,
632 459 754 516 VITAE
773 457 1001 518 OOLUMBANI
1017 459 1128 515 mm
1145 459 1185 516 11.

495 664 629 720 munus,
663 644 844 728 oppidum,
883 643 1117 728 psallentium,
1157 647 1241 720 rete,
1276 645 1397 723 salum,

494 733 616 810 solum,
645 753 713 808 vas,

442 819 473 904 3)
496 821 571 900 sem
585 840 648 902 pro
662 841 779 886 masa:
796 842 901 899 amor,
918 821 1030 898 ardor,
1047 820 1184 906 auligae
1201 819 1260 901 (=
1273 821 1398 903 animi),

492 930 564 990 pen.
588 909 753 994 auligum,
784 931 848 974 acc.
873 910 1017 994 auligas,
1048 910 1136 986 finis,
1165 910 1285 989 tomes,
1309 912 1398 989 fons,

495 999 622 1082 fragor,
631 999 751 1076 honor,
761 999 861 1082 ignis,
871 999 974 1076 latex,
985 999 1113 1084 paple,
1125 1019 1236 1083 sapor,
1245 1003 1398 1078 truncus,
1418 1021 1432 1061 s

430 1081 477 1172 ⁸4)
500 1086 574 1166 fern.
604 1106 667 1168 pro
707 1093 828 1152 nanta:
866 1089 1061 1153 contectam
1098 1108 1225 1164 arvam,
1266 1109 1399 1174 corpus,

496 1176 586 1240 ostia
608 1197 669 1260 per
692 1197 786 1259 quas,
809 1177 903 1240 intra
926 1179 1069 1260 sepiam,
1094 1197 1163 1260 qus
1185 1178 1317 1254 scisma,

328 1264 464 1330 oratio
493 1263 622 1345 obliqua
655 1263 837 1345 frequenter
866 1263 1019 1344 adhibita,
1049 1264 1276 1345 praetermisso
1309 1267 1401 1331 aerbo

496 1351 652 1417 sentiendi
674 1353 722 1417 vei
744 1353 941 1433 declarandi,
971 1359 1064 1434 atone
1093 1375 1163 1418 cnm
1189 1353 1309 1420 directa
1333 1375 1401 1420 con

496 1447 618 1506 stanter
627 1440 791 1522 permista,
802 1441 1048 1522 pronominibus
1057 1441 1185 1524 primae
1201 1449 1231 1508 et
1247 1444 1402 1508 secundae
1421 1465 1448 1504 ιο

491 1551 649 1612 personae
672 1528 778 1611 (mihi,
802 1532 879 1608 tibi,
902 1535 948 1608 te,
974 1525 1067 1614 tuus)
1092 1530 1207 1612 positis
1235 1551 1334 1613 neque
1356 1553 1401 1598 re·

497 1618 634 1700 fleaiois,
665 1619 799 1700 denique
826 1641 895 1684 nna
917 1620 1055 1684 alterave
1078 1619 1267 1702 interrupta,
1298 1620 1345 1686 ita
1367 1627 1403 1686 nt

498 1729 537 1772 ea
552 1707 679 1789 obliqua
693 1707 730 1772 in
744 1707 898 1774 directam
916 1707 1073 1773 transitus
1090 1709 1152 1788 [iat
1169 1715 1198 1774 et
1214 1708 1400 1795 moe-oersa,

329 1820 407 1865 acc.
431 1820 457 1864 c.
480 1797 557 1875 inf.
575 1804 650 1878 post
671 1819 741 1875 our,
766 1802 926 1881 quantus,

323 1885 662 1971 praepositiones
681 1885 771 1951 rasni
783 1886 995 1967 postpositae:
1013 1907 1049 1952 sc
1069 1891 1199 1965 contra,
1220 1908 1256 1953 se
1276 1908 1401 1964 eoram,
1422 1907 1448 1948 a

433 1998 480 2042 se
496 1978 597 2072 inter,
615 1980 724 2040 semet
738 1976 840 2054 intra,
858 1979 966 2040 semet
981 1977 1092 2060 ipsum
1110 1977 1212 2054 intra,
1233 1978 1301 2041 fine
1318 1978 1401 2041 sine.

392 2085 438 2148 In
481 2089 524 2147 tot
567 2081 756 2147 soloecismis
793 2102 926 2163 aeqnmn
964 2081 1121 2146 arbitram
1158 2081 1278 2147 sinceri
1314 2081 1403 2147 illins

285 2172 425 2238 anctoris
447 2173 570 2238 iabores
593 2192 658 2235 non
680 2169 813 2253 sapient.
861 2171 947 2235 Sane
973 2169 1179 2250 manifestam
1201 2177 1255 2252 est,
1285 2172 1404 2236 Ionam

285 2260 423 2326 sermoni
445 2261 610 2325 excolendo
631 2280 787 2323 snmmam
808 2280 936 2339 operam
958 2258 1080 2324 dedisse
1102 2265 1304 2341 auctoresque
1327 2261 1403 2325 clas·

285 2349 367 2414 sicas
382 2348 549 2431 ditiqenter
564 2347 722 2411 imitatam
737 2367 811 2428 esse,
834 2347 882 2412 ita
896 2354 932 2412 nt
945 2349 993 2412 ael
1007 2368 1092 2412 more
1107 2348 1249 2412 Liviana
1267 2347 1404 2430 capitata
1421 2369 1449 2409 so

285 2443 467 2503 sanctornm
495 2456 623 2500 snornm
653 2435 796 2500 natione
825 2435 952 2518 obiiqna
985 2457 1137 2517 enponere
1171 2439 1402 2520 apprederetnr,

286 2547 385 2609 neone
407 2523 522 2590 stadiis
543 2523 646 2605 ipsine
667 2545 842 2589 snccessnm
862 2524 1000 2604 defuisse
1023 2531 1228 2608 conatnmqne
1250 2533 1280 2590 et
1300 2525 1404 2608 ipsum

286 2616 482 2680 laudandam
506 2634 581 2692 esse,
604 2613 749 2695 anamais
771 2616 816 2678 ad
836 2616 933 2694 linem
959 2635 1024 2679 non
1047 2615 1250 2695 pervenisset.
1296 2613 1405 2697 Ipitnr

286 2704 324 2768 in
353 2705 457 2768 eodem
486 2707 612 2768 emtore
640 2709 670 2766 et
697 2701 850 2768 dictiones
878 2702 1007 2785 iinpnac
1036 2703 1170 2784 optimae
1204 2709 1233 2768 et
1263 2703 1404 2786 enormia

281 2792 440 2875 pessimae
457 2787 498 2869 (e.
512 2811 562 2873 pr.
586 2795 627 2855 ut
649 2813 693 2857 ne
709 2819 751 2844 =
767 2813 815 2873 ne,
840 2793 986 2858 limitem
1003 2818 1044 2844 =
1061 2791 1171 2875 limen)
1195 2793 1404 2874 oocabniaqne
1422 2813 1449 2852 n

288 2883 429 2946 barbara
464 2879 668 2963 (haeriditas,
704 2882 876 2960 incidisse,
908 2879 1049 2965 gavinia)
1080 2882 1235 2963 leynntnr.
1282 2880 1403 2962 Hapio-

285 2968 420 3053 prophis
436 2969 665 3051 posterioribus
688 2969 791 3034 oratio
809 2971 886 3035 icaec
902 2969 1032 3035 cariata
1050 2970 1250 3052 artificioque
1267 2971 1403 3051 quodam

287 3058 438 3124 distincta
460 3058 620 3124 imitanda
642 3059 802 3141 apparuit,
825 3058 874 3123 ita
891 3064 927 3122 nt
942 3057 980 3123 in
997 3058 1105 3123 maltis
1127 3066 1307 3124 sanctornm
1329 3058 1387 3123 oit'

286 3149 334 3213 oei
355 3149 451 3212 mnito
467 3155 543 3231 post
564 3147 750 3230 conscriptis
772 3147 924 3212 dictiones
941 3148 1043 3212 Ionae
1060 3148 1215 3230 propriae
1237 3148 1403 3230 deprehen·

287 3239 414 3303 dantnr.
474 3239 560 3302 Sane
598 3239 636 3302 de
670 3237 848 3302 litterarum
880 3243 965 3301 stata
1002 3237 1039 3301 in
1077 3236 1198 3302 Galliis
1231 3258 1270 3302 ea
1302 3235 1404 3300 medio
1421 3257 1448 3297 so

286 3347 365 3392 saec.
401 3326 483 3392 VII.
516 3325 625 3406 aliano
659 3327 748 3390 modo
781 3325 985 3390 revirescente
1022 3347 1087 3390 non
1120 3327 1219 3391 solnm
1253 3325 1405 3407 mapister

287 3415 398 3497 optimc
420 3414 551 3478 meritas
573 3421 625 3494 est,
649 3415 705 3478 sed
721 3413 816 3479 etiam
832 3414 1025 3498 bicaraptms
1039 3414 1149 3497 ipsias,
1174 3415 1225 3480 cni
1240 3421 1270 3478 et
1281 3412 1404 3495 adoriae

281 3509 408 3585 partem
429 3502 589 3566 reservari
610 3502 728 3566 instnm
751 3523 943 3584 aeqnnmqne
965 3524 1031 3567 esse
1053 3503 1213 3568 caistnmo.
1481 3571 1483 3574 ,

395 3590 445 3653 Eo
467 3596 601 3671 tempore
623 3612 683 3671 qno
706 3590 797 3654 Vitae
817 3591 1006 3655 Coiambani
1019 3590 1136 3655 libram
1154 3591 1288 3654 alteram
1302 3590 1405 3655 Ionas

287 3679 442 3744 exarabat
469 3684 499 3742 et
519 3678 687 3742 Honorias
708 3680 821 3760 papa1
848 3676 878 3760 (†
903 3677 978 3759 638)
1001 3685 1031 3742 et
1051 3679 1252 3760 Dapobertns
1274 3681 1353 3741 ren2
1375 3685 1405 3744 et
1423 3701 1450 3741 ss

286 3768 378 3849 Aepa
406 3765 511 3830 maior
533 3768 642 3831 domas
671 3762 701 3850 (†
725 3762 801 3851 641)
823 3766 941 3831 mortni
969 3772 1063 3830 erant
1090 3764 1217 3847 sediqne
1240 3763 1404 3833 Viroman-

287 3855 378 3921 densi
393 3853 523 3936 Eiipins
545 3853 706 3936 episcopas
722 3855 915 3937 praeerat³;
938 3854 1077 3919 triennia
1100 3860 1211 3936 antem,
1236 3861 1404 3938 annonam

286 3945 472 4008 mandatnm
505 3949 692 4024 snsceperat,
731 3943 900 4023 Bertnifns
938 3945 1036 4008 abbas
1069 3943 1240 4009 etianctnno
1272 3945 1402 4025 oioebat,

286 4053 377 4116 quem
400 4054 424 4098 c.
442 4054 472 4097 a.
491 4038 565 4096 639.
583 4038 742 4096 mortnnm
759 4053 824 4097 esse
839 4031 967 4097 conieci.
1002 4032 1117 4114 Itaqne
1135 4033 1270 4098 alteram
1286 4033 1403 4098 libram

286 4120 458 4188 verisimile
486 4127 532 4186 est
560 4142 585 4186 e.
609 4143 640 4184 a.
665 4126 739 4184 642.
764 4120 964 4202 compositam
993 4143 1071 4204 esse,
1102 4123 1266 4205 eademqne
1295 4129 1404 4188 anctor
1420 4144 1448 4184 a

292 4209 526 4277 Chronicarnm
559 4231 640 4292 qnae
673 4209 867 4292 Fredeqarii
900 4210 1027 4276 nomine
1063 4210 1333 4292 circumferantur
1366 4213 1403 4276 do

395 4369 421 4435 1)
440 4367 471 4422 r,
491 4345 606 4421 cauma.
623 4366 663 4432 Π,
678 4369 721 4422 23.
793 4369 821 4434 2)
843 4367 884 4422 a.
901 4367 941 4434 a,
955 4370 996 4423 17.
1069 4368 1097 4440 s)
1116 4368 1269 4434 a.11,1o.
1294 4367 1404 4433 arcam

287 4439 329 4490 die
348 4439 592 4494 laniandam.
611 4445 779 4491 oomccrotns
796 4445 852 4502 cst;
870 4440 906 4504 cf.
926 4440 983 4494 Ser.
1002 4457 1055 4496 rer.
1076 4441 1175 4496 Mmoo.
1194 4439 1245 4507 IV,
1260 4455 1291 4506 p.
1305 4441 1366 4494 688.
