3222 5030
422 467 548 538 IONAS,
563 469 682 525 vlnus
701 469 929 527 COLUMBANI
948 471 1056 528 LIBRI
1074 473 1113 530 11.
1294 480 1330 538 Ἠ

206 650 360 731 fessionis
382 658 519 717 secretae
540 651 577 718 in
600 653 730 718 ecclesia
746 653 935 719 continentis
950 655 1106 722 catboliea
1121 656 1297 723 celebratur
1306 659 1328 723 ¹.

207 740 369 806 Doctrina
391 739 460 806 eius
481 741 519 806 in
534 741 667 807 canutio
684 741 900 808 Cabillonensi
914 765 945 807 a.
963 749 1039 808 650.
1059 743 1200 826 prinmm
1216 754 1329 812 sancta

207 835 265 910 est,
300 829 455 912 episcopis
488 829 766 913 consentientibus,
799 831 1033 913 paenitentiam
1064 841 1266 916 peccatorum
1300 843 1330 902 et

207 918 352 983 omuibus
381 917 490 984 utilem
516 939 582 984 esse
611 925 640 984 et
662 921 740 985 data
763 920 959 1000 confessione
988 943 1010 986 a
1036 922 1251 989 sacerdotibus
1279 923 1328 990 in·

174 1031 188 1072 s
207 1005 406 1072 dicendmn².
446 1007 622 1074 Monacbis
636 1029 757 1090 quoqne
774 1009 844 1075 suis
859 1009 1086 1090 confessionem
1105 1017 1198 1093 atque
1213 1013 1328 1095 paeni·

207 1095 339 1161 tentiam
367 1095 476 1179 primo
511 1097 576 1162 loco
610 1096 759 1179 imposuit
792 1097 936 1180 aliasque
968 1100 1008 1165 ab
1038 1099 1084 1164 eis
1118 1100 1198 1182 leqes
1227 1103 1328 1168 obser·

206 1184 279 1249 ocri
308 1184 415 1266 uoluit,
446 1205 527 1267 quas
556 1207 595 1250 en
624 1185 726 1267 ipsius
748 1187 860 1270 requla
882 1187 987 1269 colliqi
1010 1187 1099 1270 licet,·
1122 1189 1327 1271 peccantibus

205 1294 278 1339 uero
300 1275 348 1339 uel
369 1273 477 1340 leuiter
490 1274 701 1356 pravissimas
717 1295 840 1358 poenas
855 1276 1025 1342 constitnit.
1065 1276 1230 1360 Requlam,
1246 1299 1328 1361 qnae

206 1363 396 1428 coenobialis
419 1385 441 1427 a
465 1363 637 1446 bioqrapbo
652 1363 820 1430 Desiderii
841 1364 1054 1431 Gadurcensis
1075 1365 1144 1432 iam
1166 1368 1327 1449 appellata

160 1477 187 1516 ιο
205 1453 281 1533 est³,
305 1453 408 1517 Ionas
431 1451 498 1534 ipse
521 1458 551 1516 et
572 1452 682 1518 citauit
703 1459 733 1518 et
758 1453 932 1535 eupilauit4
954 1461 1047 1536 atque
1072 1456 1111 1520 de
1140 1456 1328 1524 auctoritate

205 1547 235 1605 el
256 1542 320 1620 fide
341 1540 445 1622 ipsius
468 1542 657 1606 luculentum
680 1541 891 1608 testimoninm
915 1545 1048 1624 praebet
1069 1545 1107 1609 de
1137 1565 1198 1626 quo
1226 1567 1327 1628 supra

204 1628 277 1694 dici
303 1629 453 1695 Donatus
483 1630 647 1714 episeopus
670 1631 937 1697 Vesontionensis.
989 1631 1068 1698 Oum
1098 1633 1184 1698 enim
1211 1641 1326 1716 roqatu

209 1717 449 1784 Guutbstrudae
479 1718 641 1801 annisque
671 1719 924 1802 eonqreqationis
958 1721 1144 1788 monosterii
1173 1745 1195 1788 a
1224 1729 1326 1790 matre

205 1807 334 1889 conditi,
359 1807 532 1889 exploratis
547 1807 667 1890 requlis
682 1808 912 1892 uetustioribus,
928 1809 1131 1876 enchiridion
1146 1810 1326 1896 uirqinibus

158 1919 186 1960 is
205 1903 313 1977 aptum
337 1903 540 1980 componeret,
559 1903 690 1979 praeter
713 1899 842 1979 requlas
869 1897 1018 1964 Caesarii
1039 1899 1203 1982 eirqinum
1232 1907 1325 1982 atque

204 1984 373 2050 Benedicti
406 1987 632 2052 monachornm
666 1987 749 2052 banc
782 1986 887 2068 ipsam
923 1987 1110 2053 Columbani
1139 1993 1293 2071 excerpsit
1301 1989 1323 2071 ⁵,

204 2073 286 2139 sicut
306 2074 343 2139 in
366 2074 573 2157 praefatione
601 2081 730 2140 testatus
760 2081 813 2156 est,
845 2082 1049 2158 eucerptaque
1078 2097 1148 2142 cum
1176 2099 1215 2142 ea
1243 2098 1325 2158 qnae

204 2169 344 2244 superest
371 2163 420 2229 ita
450 2163 602 2246 conuenit,
632 2171 668 2228 ut
696 2170 797 2230 tentus
826 2165 871 2228 ad
898 2163 990 2230 illam
1020 2164 1132 2247 optime
1161 2165 1325 2232 emundari

196 2253 309 2334 possit.
367 2253 526 2321 Monaebi
559 2253 643 2318 nibil
670 2252 840 2335 proprium
868 2253 1074 2336 possidebant
1103 2275 1143 2320 ne
1171 2254 1326 2321 minimas

156 2364 185 2405 io
203 2341 329 2422 quidem
352 2362 412 2423 res,
436 2344 492 2408 sed
513 2341 658 2408 omnibus
673 2341 782 2407 ornnia
802 2343 981 2408 communia
999 2344 1122 2409 erant⁶.
1161 2343 1325 2424 Confessio

204 2429 251 2494 bis
276 2430 444 2496 minimum
474 2433 584 2496 danda
607 2437 676 2496 erat
698 2437 727 2496 et
755 2437 829 2496 ante
853 2453 995 2497 mensam
1021 2439 1052 2498 et
1076 2439 1150 2498 ante
1177 2433 1327 2499 lectorum

202 2518 334 2584 aditum.
385 2519 440 2584 Ad
472 2541 614 2585 mensam
648 2520 892 2586 benedictionem
925 2520 1141 2587 custodiebant
1173 2541 1325 2604 arnenque

171 2621 174 2624 ’
202 2609 434 2692 respondebant
454 2630 553 2691 neque
575 2629 648 2674 uero
670 2609 755 2674 inter
770 2631 803 2675 se
818 2609 1033 2692 loquebantur.
1077 2609 1243 2677 Oocbleari
1258 2633 1325 2677 non

201 2699 379 2778 utebantur,
403 2696 471 2763 nisi
493 2700 577 2780 quod
598 2705 672 2764 ante
694 2697 911 2781 siquaoerant,
931 2720 1030 2781 neque
1046 2699 1167 2766 cultello
1182 2721 1323 2765 mensam

155 2809 183 2849 is
194 2788 451 2953 ptcfrtucrziedebatnt·
474 2789 633 2940 eauebtecnt,
658 2809 698 2941 {re
707 2787 820 2942 ἆηῖοιέε
836 2789 1007 2941 ρονῧενεκι
1020 2809 1111 2942 hneue
1139 2788 1324 2854 cereoisiam

201 2895 304 3046 ull,
327 2895 859 3048 tl.’tlttt.l.tt..tft.
874 2898 1323 3048 ..ltulbtntttt

200 3051 249 3116 ire
272 3053 394 3118 licebat.
440 3053 528 3119 Oura
550 3054 703 3135 coquendi
725 3055 773 3119 cel
793 3053 1004 3120 ministrandi
1023 3055 1182 3134 fratribus
1199 3055 1323 3136 quibus·

201 3142 275 3206 dam
291 3142 458 3207 conemissa
473 3149 543 3208 erat
552 3143 801 3224 prouidentibus,
818 3163 858 3208 ne
873 3143 921 3208 vel
931 3144 1099 3225 paululum
1114 3143 1321 3222 effunderent.

155 3254 182 3294 eo
205 3229 388 3296 Orationem
411 3237 485 3296 aute
508 3252 586 3312 opus
608 3238 728 3315 etpost
749 3252 826 3313 opus
842 3231 1063 3312 perficiebant.
1102 3233 1157 3297 Ea
1172 3233 1323 3297 decanea

201 3318 393 3401 eqredientes
416 3321 514 3402 dorna,
538 3320 561 3385 i.
581 3342 607 3386 e.
631 3321 743 3386 cellula
755 3321 774 3402 ⁷,
798 3326 855 3385 aut
877 3341 911 3385 eo
934 3319 1145 3402 reqredientes
1167 3341 1200 3385 se
1222 3320 1323 3384 bumi-

202 3531 228 3594 l)
257 3529 301 3592 Of.
319 3529 436 3596 Lbutnq,
463 3529 677 3582 ‘Kr‘rcbenrecbt'
695 3529 734 3596 II,
758 3547 785 3598 p.
801 3531 854 3585 471
867 3545 944 3598 sqq.;
971 3530 1079 3596 Hauclc,
1107 3529 1322 3596 ‘Krrcomqmn

199 3601 440 3668 Deutscbbends’I,
456 3617 486 3668 p.
499 3600 586 3667 2753,Ι
604 3603 639 3656 Α.
656 3601 794 3668 Malnmp,
815 3601 885 3664 Qun
903 3602 1082 3655 nautam
1099 3602 1225 3655 monachi·
1241 3603 1324 3655 disci·

197 3672 259 3739 puli
277 3673 304 3726 S.
318 3672 479 3724 Columbani
496 3674 532 3724 ad
549 3672 671 3739 rapulam
682 3675 905 3725 monasteriorum
921 3679 1000 3740 atque
1017 3673 1054 3726 ad
1071 3689 1231 3726 commumm
1248 3673 1323 3726 eau-

154 3756 181 3796 su
199 3745 255 3794 siae
278 3744 432 3808 profectum
457 3745 624 3810 contulerint,
650 3743 771 3796 Parisiis
797 3746 875 3810 1894,
900 3763 926 3812 p.
947 3745 990 3800 62.
1081 3747 1109 3811 2)
1138 3744 1257 3796 Concilio
1281 3746 1321 3799 ed.

200 3813 328 3866 Moossen
353 3815 465 3878 I,210,·
492 3815 621 3881 nomem,
648 3815 855 3868 ‘Kircbenrecbt’
875 3816 914 3882 II,
934 3817 996 3870 476.
1086 3818 1114 3882 3)
1136 3815 1167 3870 V.
1186 3816 1325 3868 Desiderio·

201 3885 315 3939 Cadurc.
334 3901 356 3941 c.
369 3889 418 3940 23:
445 3884 591 3938 Nullus-
605 3886 730 3938 habitum
749 3886 888 3954 religionis
908 3891 955 3938 nut
972 3885 1084 3954 regulae
1103 3885 1252 3939 cenobialis
1269 3886 1322 3939 iter

200 3955 365 4024 intravernl3
391 3960 465 4008 iectu
483 3956 646 4010 Columbini
664 3957 760 4025 procul
787 3957 908 4024 aberunt,
932 3955 1059 4009 instituta
1076 3954 1221 4009 Benedicti
1239 3957 1322 4026 longe

200 4025 347 4082 distabunt.
436 4028 464 4096 4)
487 4028 605 4094 Requlae
629 4031 659 4080 in
682 4029 711 4083 V.
732 4029 848 4083 Columb.
868 4029 892 4094 Ι,
914 4031 956 4094 10,
984 4029 1118 4079 numinit:
1143 4027 1322 4096 regulamque

152 4113 181 4152 oo
199 4113 283 4164 quem
301 4102 429 4151 tenerent
447 4097 553 4167 Spiritu
571 4103 664 4152 saneto
683 4099 804 4167 repleius
823 4097 961 4166 condedit,
987 4101 1125 4165 ipsamque
1143 4100 1251 4150 cauden
1269 4114 1322 4152 esee

199 4185 281 4236 quam
299 4169 424 4221 babemus
443 4185 502 4221 cum
521 4187 554 4222 eu
572 4168 603 4224 V.
623 4171 737 4224 Columb.
755 4171 779 4234 I,
795 4173 820 4225 5.
842 4172 883 4237 16,
908 4175 966 4221 tum
990 4185 1024 4222 esc
1048 4170 1084 4221 iis
1107 4170 1229 4221 concludi
1253 4170 1320 4235 lieet,

199 4256 267 4307 quae
285 4243 426 4307 Aqrestius
444 4235 479 4296 ib.
496 4241 536 4306 II,
550 4243 575 4305 9,
601 4248 694 4293 contro
714 4242 871 4294 Columbani
895 4242 1017 4307 rapulam
1042 4239 1131 4292 obiecit
1151 4255 1268 4306 quaeque
1285 4241 1322 4291 ad

198 4311 321 4376 requiam
339 4312 512 4364 coenobialem
529 4329 550 4366 c.
565 4316 588 4366 l.
608 4316 632 4366 3.
652 4318 776 4378 spectant.
866 4311 895 4380 5)
923 4313 992 4376 Quos
1017 4313 1047 4362 in
1065 4325 1220 4377 unoquoque
1237 4313 1322 4379 capite

198 4383 324 4433 Donatus
341 4385 499 4448 eupelaoeiit
517 4384 613 4446 sorites,
631 4384 832 4449 diliqentisstme
849 4384 1017 4448 inoestiqaott
1030 4382 1160 4448 cointius,
1178 4383 1250 4441 Anu,
1263 4383 1321 4436 eru.

149 4468 179 4508 45
198 4453 301 4508 Fronc.
321 4453 360 4517 II,
375 4471 405 4521 p.
419 4456 471 4509 758
480 4470 536 4520 sqq.
609 4455 636 4520 6)
653 4454 682 4508 V.
703 4455 817 4506 Columb.
834 4453 857 4518 I,
872 4455 896 4508 5.
971 4454 998 4520 7)
1020 4452 1060 4506 Ib.
1080 4452 1119 4518 II,
1134 4455 1159 4506 9.
