3222 5030
272 413 307 467 10
484 405 609 476 IONAS,
621 405 745 463 VITAE
764 405 994 463 coLUMBANI
1012 405 1120 462 LIBRI
1137 405 1178 465 Π.

271 591 389 658 scalea
410 590 493 656 diem
515 595 568 654 21.
588 588 720 671 Martii,
744 611 796 655 eos
818 589 1013 674 opinabatur
1034 587 1295 654 resurrectionem
1318 596 1392 655 ante

264 679 449 764 passionem
471 681 635 761 celebrare,
665 699 761 761 qnam
783 678 858 744 item
880 678 932 744 die
962 685 1014 742 25.
1038 678 1161 743 Martii
1182 678 1305 758 factam
1327 699 1392 744 esse

271 769 446 834 tradebant.
498 767 716 834 Gravissimum
737 767 839 850 iqitnr
860 789 985 834 errores
1011 769 1049 832 in
1071 767 1156 849 cqclo
1182 763 1314 832 Victorii
1343 768 1392 832 de·

264 857 472 940 prehendisse
493 857 557 922 sibi
578 856 666 922 uisus
688 863 742 938 cst,
765 856 891 938 ipseque
908 856 1090 922 mirabatur
1107 855 1311 922 schismatica
1333 856 1392 921 illa

270 943 1424 1115 l.llll..lllllllllttllll.dltll0l.ltl²l⁸lll⁶

270 1123 356 1188 inter
377 1144 429 1188 eos
455 1122 707 1206 reperiebantur,
737 1122 793 1204 qui
822 1129 933 1188 contra
962 1143 1099 1188 canones
1124 1128 1272 1203 quaestus
1295 1143 1393 1188 caasa

271 1211 415 1277 ordinati
452 1217 547 1276 erant
579 1210 757 1292 simoniaci,
793 1211 922 1293 aliique,
956 1211 1013 1293 qni
1045 1211 1084 1276 in
1117 1210 1290 1276 diaconatu
1324 1231 1393 1275 cum

188 1318 253 1367 *aa
270 1301 424 1366 acoribus
445 1321 526 1382 quas
548 1306 645 1365 antea
667 1300 853 1382 babuerunt,
885 1336 928 1344 -
951 1299 1112 1366 clientelas
1135 1300 1204 1366 *ecs
1226 1299 1391 1381 vocitabat,

271 1425 315 1435 -
342 1389 535 1455 adulterium
565 1387 796 1454 cmnmisercnt.
842 1389 1001 1472 Maqistri
1023 1388 1204 1470 Hibernici,
1235 1410 1251 1454 e
1280 1388 1393 1471 quibus
1411 1412 1438 1458 ιο

276 1478 407 1544 Gildam
423 1477 566 1562 protulit,
586 1479 624 1543 de
643 1477 796 1544 einsrnodi
811 1479 933 1545 delictis
947 1478 1028 1544 satis
1042 1499 1147 1544 serere
1160 1477 1391 1558 iudicaverant,

270 1567 394 1649 ipsique
423 1566 553 1632 dubium
583 1573 661 1648 erat,
691 1567 772 1648 quin
801 1589 871 1633 cnm
900 1567 1018 1634 talibus
1045 1566 1198 1650 episcopis
1225 1565 1392 1632 communi·

272 1657 409 1722 candum
431 1661 518 1720 esset.
564 1657 702 1720 Tantam
724 1662 828 1721 autem
850 1657 1069 1722 anctoritatem
1084 1677 1149 1740 per
1176 1655 1304 1722 Gallias
1325 1655 1393 1720 iam

272 1750 519 1826 comparaverat,
543 1750 579 1808 ut
600 1745 648 1809 nel
669 1744 802 1810 istorum
818 1745 967 1811 nonnulli
982 1744 1191 1811 conscientias
1213 1765 1290 1810 suas
1303 1766 1392 1827 pere-

269 1833 365 1916 qrino
387 1833 439 1899 illi
461 1833 670 1918 aperuissent,
693 1833 935 1917 interroqantes,
958 1841 1066 1900 naum
1082 1839 1157 1916 posl
1174 1833 1255 1898 talia
1278 1833 1393 1899 delicta
1411 1856 1437 1896 ιε

270 1922 339 1988 iam
361 1921 498 2004 episcopi
520 1944 586 1988 esse
604 1928 733 2004 possent
754 1944 874 2004 annom
897 1923 1025 2007 ipseque
1040 1929 1068 1988 ct
1082 1924 1167 1989 banc
1181 1921 1393 2004 quaestionem
1523 1957 1526 1961 ν

264 2033 377 2097 papae
406 2011 650 2077 diiudicandam
666 2013 844 2094 proposuit.
894 2012 1010 2093 Tertio,
1046 2011 1124 2094 quid
1157 2013 1195 2077 de
1228 2011 1393 2077 monacbis

271 2101 456 2179 faciendum
478 2107 564 2182 esset,
594 2103 726 2165 eundem
756 2100 975 2183 interroqaoit,
1006 2101 1061 2182 qui
1084 2100 1287 2184 perfectioris
1309 2100 1393 2166 citae

272 2189 428 2254 desiderio
460 2188 593 2269 accensi,
628 2188 776 2270 neqlectis
805 2189 885 2253 cotis
913 2189 991 2270 suis,
1019 2189 1148 2272 primae
1177 2189 1393 2255 concessionis

273 2278 342 2342 loca
370 2277 586 2358 relinquerent
613 2283 642 2341 et
671 2276 782 2341 invitis
811 2277 984 2358 abbatibus,
1019 2279 1143 2358 facore
1173 2284 1305 2360 coqente,
1336 2285 1394 2343 ant
1410 2299 1437 2348 20,

272 2367 473 2431 lassarentur
494 2371 551 2429 ant
580 2367 625 2430 ad
651 2367 774 2430 deserta
796 2366 1010 2448 confnqerent.
1060 2368 1175 2449 Tepori
1201 2365 1302 2449 iqitnr
1331 2366 1391 2448 epi·

272 2461 417 2537 scopatns
444 2453 612 2520 Gallicani
633 2474 763 2519 snorum
785 2457 932 2520 ardorem
955 2457 1105 2537 opposuit,
1136 2476 1225 2538 quem
1248 2454 1315 2520 iam
1337 2455 1393 2519 oia

272 2545 358 2610 solus
380 2564 519 2609 coercere
535 2549 672 2624 poterat.

388 2651 523 2732 Uterque
545 2650 650 2732 cqclus
665 2649 833 2731 paschalis
855 2657 1034 2716 annosos.
1059 2651 1161 2716 denno
1183 2651 1232 2717 ita
1253 2651 1338 2716 inter·
1360 2673 1392 2717 se

273 2740 481 2821 discrepabat,
512 2745 549 2804 ut
574 2737 681 2804 Gallis
703 2738 771 2804 dies
794 2744 824 2803 7.
848 2740 975 2822 Aprilis
998 2741 1077 2806 luna
1101 2741 1206 2806 XXI.
1225 2739 1392 2822 paschalis
1410 2760 1437 2800 n

272 2835 365 2910 esset,
412 2850 482 2894 cnm
521 2827 618 2893 Scotti
663 2827 714 2892 die
759 2834 812 2892 31.
850 2828 971 2894 Martii
1008 2830 1088 2894 luna
1127 2830 1274 2895 XVIII.
1313 2829 1393 2912 cqcli

271 2917 479 2982 LXXXIV
497 2937 666 2998 annornm,
691 2915 868 2984 Victoriani
890 2924 994 2984 annm
1015 2918 1089 3000 ipsa
1107 2918 1187 2984 luna
1204 2915 1305 2983 XIV.
1322 2939 1393 2984 cnm
1512 2933 1517 2937 ’

271 3006 406 3072 Indaeis
425 3006 548 3088 pascba
571 3005 770 3070 celebrarent.
814 3009 885 3088 Qua
908 3009 946 3072 de
964 3029 1063 3072 consa
1085 3006 1221 3089 episcopi
1239 3006 1276 3072 in
1292 3027 1392 3071 unum

271 3094 461 3178 conpreqati,
486 3095 524 3159 de
546 3093 624 3174 fidei
647 3100 675 3160 et
698 3095 848 3161 bonoram
871 3117 1000 3180 opernm
1022 3096 1154 3161 ueritate
1174 3095 1345 3162 tractaturi
1362 3101 1392 3160 et

271 3186 309 3250 de
341 3183 564 3250 consuetudine
587 3182 714 3248 diuersa
742 3184 862 3250 indicio
893 3184 1071 3251 indicaturi
1104 3191 1207 3250 erant.
1262 3183 1392 3250 Constat
1409 3202 1436 3244 so

271 3280 375 3339 autem
408 3273 494 3338 inter
528 3292 649 3354 munes,
688 3275 842 3355 synodum
875 3273 967 3339 illam
1000 3273 1102 3353 fnisse
1140 3273 1392 3340 Cabillonensem

270 3384 300 3426 a.
319 3369 394 3425 603.
419 3361 604 3426 celebratam
614 3362 634 3442 1,
659 3363 790 3427 eandm
813 3362 938 3444 scilicet,
968 3361 1006 3427 in
1028 3383 1093 3444 qna
1115 3362 1307 3428 Desiderins
1329 3361 1391 3443 epi-

270 3471 381 3532 scopus
410 3449 601 3514 Viennensis
629 3452 667 3515 de
696 3456 803 3532 stupro
826 3452 1051 3516 condemnatus
1072 3457 1127 3516 est.
1178 3451 1391 3517 Columbanns

269 3539 338 3620 ipse
367 3559 549 3622 comparere
578 3559 644 3604 non
673 3560 779 3620 ansus,
814 3561 854 3604 ne
883 3540 965 3619 forte
999 3541 1197 3605 contenderet
1223 3561 1389 3622 praesens,

271 3627 416 3693 litteras²
445 3629 490 3692 ad
517 3626 675 3711 episcopos
697 3630 956 3711 presbqterosqne
978 3649 1038 3694 sna
1061 3650 1160 3694 cansa
1189 3635 1391 3712 conqreqatos
1408 3648 1435 3689 ss

269 3715 367 3797 misit,
390 3715 427 3781 in
449 3715 562 3798 quibus
584 3723 700 3783 tomum
721 3716 939 3801 responsionis
953 3724 1027 3783 ante
1042 3717 1217 3784 triennium
1239 3717 1391 3800 scriptam
1430 3727 1433 3733 '

270 3804 408 3886 inclusit,
432 3827 492 3887 qno
515 3808 785 3872 demonstraverat
807 3828 913 3872 omnes
936 3807 1030 3872 totius
1053 3806 1222 3874 occidentis
1244 3805 1391 3873 ecclesias

271 3893 454 3977 consentire,
485 3895 747 3962 resurrectionem
769 3902 842 3961 ante
866 3895 1051 3978 passionem
1073 3897 1149 3976 nero
1171 3917 1237 3962 non
1259 3896 1390 3961 debere³

270 4106 297 4168 1)
319 4106 366 4160 SS.
380 4105 413 4161 R.
426 4105 526 4166 Meron,
538 4105 597 4172 III,
610 4107 663 4161 620
669 4121 682 4168 ;
700 4107 735 4170 cf.
747 4105 847 4170 Her-tet,
860 4105 1046 4172 ‘Anmerlcunq
1060 4121 1114 4157 zur
1127 4106 1218 4162 Gmcb.
1233 4103 1389 4159 Columba's’

269 4177 420 4240 (‘Zeitscbr.
433 4178 456 4241 f.
470 4177 687 4243 Kircbenqescb!
699 4176 755 4244 ΙΙΙ,
771 4179 822 4232 145
831 4180 917 4244 sqq.),·
936 4176 979 4236 ίΝ,
992 4176 1084 4232 Arclu'
1093 4177 1146 4240 IX,
1159 4180 1227 4240 146‚·
1242 4177 1282 4232 W.
1295 4176 1389 4228 Gund-
1406 4181 1435 4220 40

270 4247 338 4313 lach,
357 4249 402 4302 (Ν.
419 4249 513 4302 Arch!
524 4249 588 4314 XV,
603 4250 672 4310 510,·
688 4247 788 4298 Hauclc
805 4247 822 4302 l.
841 4249 858 4302 l.
873 4265 902 4315 p.
917 4250 968 4305 601
977 4247 995 4303 ³.
1052 4249 1081 4315 2)
1102 4249 1167 4305 Ma.
1186 4250 1239 4316 Ep.
1256 4249 1312 4314 III,
1328 4249 1387 4302 160.

268 4318 297 4384 3)
318 4319 393 4371 Idem
410 4321 441 4370 ln
459 4321 575 4388 epistula
592 4319 630 4370 ad
649 4318 811 4384 Greqooium
828 4319 1054 4390 demonstraverat
1072 4327 1111 4387 (p.
1126 4323 1187 4386 157,
1204 4321 1223 4374 l.
1237 4323 1283 4381 15)
1301 4318 1389 4371 eodem

267 4390 327 4454 fere
344 4405 395 4457 quo
413 4393 550 4458 responsio
566 4394 680 4456 tempore
696 4393 855 4458 conscripta.
1430 4429 1432 4436 .
