3222 5032
276 455 311 508 78
488 449 613 518 IONAS,
625 449 747 506 VITAE
767 447 995 504 OOLUMBANI
1013 447 1122 504 LIBRI
1140 447 1179 506 Π.

381 632 415 698 Α
429 631 478 715 lt)
507 630 611 698 (ledea
631 631 926 713 Saupabieusis
945 631 1070 697 arabici
1088 631 1280 698 coenobialis
1303 654 1335 697 u.
1357 640 1395 697 12

275 718 351 804 (26),
382 742 463 786 saec.
485 721 573 802 XII,
604 720 680 786 olim
709 719 932 801 Fabarieusis,
963 719 1018 800 fol.
1039 719 1187 784 1‘-34‘.
1211 721 1247 785 V.
1277 720 1396 786 Colum

276 809 354 876 baui
382 832 450 876 uua
480 831 551 875 cum
580 809 785 886 carminibus,
816 809 872 888 foi.
898 808 1068 873 342-40‘.
1096 809 1133 874 V.
1157 809 1306 874 Eustasii
1331 808 1395 891 (II,

277 897 565 982 7—1o)cautimt,
589 919 669 980 quae
687 897 779 978 foliis
797 897 969 979 deperditis
986 897 1099 964 mutius
1120 898 1158 963 iu
1180 898 1302 963 uerbis:
1325 921 1397 985 per·

275 990 413 1066 mixtio;
444 989 536 1071 quod
564 988 720 1070 quamvis
741 985 746 1069 Ι
766 986 891 1068 desiuit,
922 987 1125 1068 saracena
1148 985 1220 1067 (fol.
1239 987 1429 1068 41-87)s

282 1077 320 1142 V.
341 1075 432 1142 Galli
447 1082 573 1142 auctore
591 1074 808 1154 Walabfrida.
841 1075 1017 1140 librarius
1031 1076 1151 1141 duobus
1166 1076 1397 1158 summioribus

274 1186 352 1230 usus
379 1170 432 1244 est,
463 1185 544 1246 quae
572 1163 680 1229 multis
709 1163 813 1230 uerbis
840 1163 965 1228 omissis
993 1163 1031 1228 iu
1060 1165 1150 1230 breue
1179 1164 1277 1247 coepit
1305 1171 1397 1246 atque

275 1274 332 1318 suo
355 1253 492 1318 arbitrio
513 1251 702 1317 immutavit.
741 1251 854 1317 Primo
872 1252 957 1317 euim
975 1259 1075 1318 ueras
1093 1273 1163 1318 cum
1181 1252 1273 1318 libris
1288 1254 1321 1318 A
1333 1250 1395 1319 la‘.

276 1338 321 1406 α’*
344 1341 515 1421 mauifeslo
537 1340 637 1420 facit:

320 1431 387 1514 Ep.
436 1434 622 1514 utcumque
639 1425 821 1514 quivimus]
843 1434 946 1515 prout
965 1432 1141 1515 potuimus
1157 1431 1190 1494 A
1206 1430 1260 1512 ΙΙ,
1283 1435 1397 1516 prout·
1417 1457 1443 1496 ro

491 1541 568 1584 cum
592 1540 636 1584 uo
657 1541 691 1602 q.
716 1518 748 1582 A
764 1518 830 1600 la*;

436 1541 592 1692 rebutuil
614 1609 819 1692 reprobatur
841 1607 874 1672 A
889 1607 931 1686 lf
948 1629 1017 1672 cum
1039 1612 1073 1672 A
1088 1605 1155 1689 la';

437 1691 628 1781 exuberari]
654 1698 835 1782 exuperari
857 1696 890 1760 A
906 1695 948 1775 ΙΙ
964 1717 1034 1762 cum
1056 1697 1089 1760 A
1102 1696 1169 1778 la*;

437 1780 647 1870 aripertum]
666 1787 709 1850 ud
726 1789 947 1870 apportatum
960 1785 993 1850 A
1005 1785 1059 1867 lf;
1077 1788 1121 1850 ad
1138 1789 1276 1870 portum
1288 1785 1320 1850 A
1331 1785 1397 1867 la‘,·

320 1875 395 1939 Lat.
412 1895 481 1956 cap.
495 1895 639 1956 praescr.
658 1869 771 1959 primi]
790 1875 964 1958 sequentis
980 1873 1065 1953 Alf
1074 1895 1144 1939 cum
1159 1874 1192 1937 A
1203 1872 1282 1955 la**,·
1416 1898 1443 1938 u»

320 1963 361 2028 ib.
379 1963 453 2028 add.
470 1965 582 2028 XXX.
607 1965 661 2029 De
679 1965 837 2047 ingressu
855 1963 982 2028 Italiae
1001 1967 1037 2028 et
1054 1964 1278 2028 renovatione
1295 1963 1396 2028 Bobii

437 2057 472 2119 et
496 2054 592 2118 exitu
615 2054 688 2118 eius
711 2052 744 2116 A
760 2052 813 2133 lf;

328 2141 358 2220 I,
378 2147 406 2205 1.
429 2161 574 2224 praescr.
598 2142 775 2206 Praefatio
797 2141 879 2206 libri
902 2142 1076 2224 sequentis
1100 2140 1184 2219 Alf
1201 2161 1269 2205 cum
1288 2139 1398 2221 Ala*,·

329 2231 407 2310 Ι,2.
436 2224 560 2314 coloro]
585 2251 644 2294 om.
669 2230 702 2293 A
720 2229 762 2309 lf
778 2251 848 2294 cum
870 2229 902 2292 A
921 2227 988 2311 lo*,·

348 2319 391 2382 ib.
437 2339 579 2402 spumea
603 2320 731 2382 cedunt
755 2322 790 2383 et
813 2319 926 2396 litora,
952 2312 1057 2402 sinus]
1083 2339 1203 2404 spume
1227 2321 1397 2384 secedunt
1415 2342 1443 2381 so

491 2408 535 2470 sd
558 2407 672 2471 litora.
712 2407 814 2470 Sinus
838 2408 929 2471 enim
952 2406 1041 2486 Alf
1058 2427 1128 2471 eum
1150 2407 1182 2470 A
1198 2403 1264 2488 la*;

348 2493 391 2558 ib.
438 2489 559 2578 muter]
584 2496 721 2580 prodire
746 2495 819 2559 add.
844 2491 932 2574 Alf
948 2516 1018 2560 cum
1041 2491 1149 2560 Ala*.
1174 2496 1235 2560 a**.

279 2581 444 2648 Paulatim
465 2604 538 2648 aero
562 2583 703 2650 caudicio
730 2583 806 2648 libri
828 2583 917 2649 baud
937 2583 1136 2649 mediocriter
1159 2584 1327 2650 disseutire
1349 2583 1397 2648 iu·

279 2670 360 2755 capit
380 2693 401 2735 a
424 2671 537 2752 priore
560 2679 655 2754 parte
684 2679 777 2754 atque
806 2673 949 2738 clausula
979 2672 1078 2756 capiti
1104 2680 1154 2737 17.
1178 2675 1306 2738 admeua
1328 2694 1398 2738 eum

279 2761 378 2826 classe
400 2762 433 2825 A
448 2762 485 2826 lb
509 2761 653 2826 couoeuit
674 2783 772 2843 usaue
794 2784 864 2827 cum
886 2763 1006 2827 duobus
1028 2783 1104 2843 quos
1125 2761 1197 2827 diui
1220 2761 1330 2827 libris:
1416 2785 1443 2824 ss

439 2850 492 2914 De
516 2871 556 2916 eo
579 2852 671 2934 quod
695 2851 826 2916 bestiae
850 2851 939 2930 Alf
956 2871 1026 2916 cum
1048 2851 1142 2931 Alb,

278 2943 428 3019 lautaque
456 2937 541 3002 iuter
566 2945 731 3020 utrumque
760 2939 908 3023 deiuceps
936 2937 1102 3004 iutercedit
1130 2938 1332 3019 uecessitudO,
1362 2945 1398 3004 ut

277 3048 302 3092 e.
324 3047 372 3109 pr.
399 3027 695 3109 carmiuisprioris
711 3049 834 3094 uersum
850 3033 904 3092 24.
920 3028 1009 3107 Alf
1025 3049 1095 3093 cum
1118 3030 1222 3093 eodem
1245 3027 1396 3092 omiserit.

280 3116 396 3182 Teutas
418 3117 455 3182 V.
472 3116 622 3183 Eustasii
646 3113 802 3198 (praescr.
810 3139 820 3182 .·
843 3118 974 3201 Incipit
996 3119 1069 3182 vita.
1092 3118 1204 3182 suncti
1227 3114 1396 3197 Eustasii)

276 3224 375 3287 aeque
397 3205 434 3271 iu
453 3205 560 3288 capita
575 3205 698 3272 diuisus
713 3212 871 3288 estusque
887 3205 1196 3287 praescriptionibus
1219 3204 1395 3270 distinctus.
1414 3227 1442 3268 so

383 3295 482 3379 Alp)
511 3294 616 3361 Oodeu
643 3294 997 3377 Guelferbytanus
1018 3293 1103 3359 iuter
1125 3293 1397 3359 Helmstadieuses

276 3405 308 3448 u.
327 3384 422 3464 3221,
447 3405 527 3449 saec.
550 3384 629 3464 XV,
653 3383 710 3464 fol.
728 3390 899 3465 95-118,
920 3389 953 3447 V.
984 3381 1171 3448 Ooimabaui
1194 3382 1310 3447 bibrum
1327 3381 1395 3462 pri-

276 3492 361 3536 orem
384 3473 499 3553 absque
521 3472 657 3552 epistula
679 3472 801 3536 eabibet
822 3493 921 3553 usque
943 3491 1015 3536 cero
1033 3477 1149 3536 tectum
1166 3491 1295 3552 purum,
1319 3491 1397 3535 uam

275 3559 314 3626 iu
330 3559 441 3641 priore
458 3567 553 3641 parte
570 3561 755 3641 plerumque
778 3582 848 3626 cum
870 3565 903 3626 A
919 3563 961 3626 ld
980 3559 1079 3640 facit:

322 3669 346 3713 c.
363 3653 414 3710 16.
438 3669 519 3714 suco
532 3643 748 3732 equoquitur]
763 3651 853 3714 sucis
866 3651 1070 3733 decoquitur
1081 3650 1114 3714 A
1124 3655 1161 3732 lp
1174 3669 1243 3714 cum
1255 3647 1287 3711 A
1299 3648 1344 3712 ld.
1360 3653 1394 3725 2;
1415 3669 1441 3710 u

350 3735 392 3801 ib.
438 3739 544 3802 mesti
573 3739 610 3800 in
641 3732 782 3822 tiprum]
815 3740 955 3803 meatim
985 3740 1022 3802 in
1052 3739 1183 3822 tiprum
1211 3737 1296 3819 Alp
1327 3757 1396 3802 cum

490 3826 523 3890 A
541 3828 590 3890 ld.
616 3831 646 3906 2,

277 3933 408 3996 quocum
438 3935 462 3979 c.
483 3920 533 3978 17.
557 3921 686 3979 eaeuute
716 3922 861 3981 accurate
891 3915 1042 3997 couueuit,
1072 3937 1171 3998 usque
1199 3935 1272 3980 aero
1301 3915 1397 3978 cerba

277 4025 302 4069 c.
321 4009 357 4068 2:
383 4007 419 4068 et
435 4038 477 4048 —
493 4005 632 4068 umbras
655 4003 701 4068 ibi
724 4004 918 4086 trausposita
940 4011 1023 4086 suut,
1047 4003 1129 4070 sicut
1149 4003 1187 4068 iu
1209 4002 1300 4068 libris
1323 4003 1394 4082 Al,

277 4099 369 4174 atque
399 4092 455 4174 qui
483 4092 564 4157 mibi
585 4099 719 4176 praesta
749 4099 795 4158 est
822 4099 923 4158 tectus
946 4115 972 4158 c.
992 4099 1044 4158 22.
1069 4093 1243 4173 mauifesta
1266 4091 1395 4156 uecessi·
1413 4113 1441 4154 ro

277 4181 385 4248 tudiue
407 4203 477 4248 cum
499 4183 567 4247 As
592 4181 777 4248 eouiuuctus
800 4188 862 4248 est:

436 4265 543 4356 furto]
569 4272 691 4336 furtim
714 4272 747 4336 A
762 4277 800 4354 lp
823 4292 893 4337 oum
907 4271 997 4355 >A3;

278 4462 305 4527 1)
326 4463 402 4514 luter
419 4467 556 4516 autcarsos
574 4463 744 4516 bibliothecae
766 4465 863 4515 codices
887 4480 914 4519 u.
934 4465 995 4518 357.
1014 4465 1155 4516 distinctus
1178 4468 1234 4525 293,-
1259 4461 1296 4524 cf.
1316 4460 1345 4516 0.
1364 4460 1395 4513 de

276 4531 452 4600 Heiuemauu,
474 4535 533 4586 ‘Die
550 4535 614 4587 Hss.
633 4535 680 4586 der
699 4535 849 4588 Bibliotbelc
867 4551 903 4586 zu
920 4535 1113 4598 Walfcubdttel'
1127 4534 1150 4598 I,
1165 4536 1189 4599 1,
1206 4551 1235 4600 p.
1249 4533 1310 4586 266.
