3222 5032
293 467 345 522 140
504 463 630 532 IONAS,
643 462 763 518 VITAE
782 463 1011 519 cOLUMBANI
1028 461 1138 516 LIBRI
1155 461 1195 518 11.

291 649 388 726 finem
411 645 534 711 eahibct
554 646 650 710 multo
673 645 853 726 breviorem,
878 648 1009 711 eundem
1031 646 1100 725 fere
1120 666 1252 709 nonum:
1275 643 1409 709 00111111-

293 736 402 800 banus
432 757 522 812 vem,
553 736 675 800 relicto
703 736 740 799 in
764 736 972 799 Alamannia
1002 735 1171 818 discipulo
1203 755 1264 797 suo
1296 732 1408 810 Gallo,

291 826 462 889 transiens
496 825 534 887 in
563 824 714 894 Italiam,
746 825 892 888 Bobium
929 826 1111 890 cenobium
1146 823 1340 888 construxit
1375 827 1410 887 et

293 916 385 978 circa
415 935 544 977 annum
576 913 717 976 Domini
748 920 823 976 615.
853 935 944 977 nono
975 914 1054 977 Kal.
1079 912 1281 976 Decembris
1311 912 1409 976 obiit.

291 1003 471 1066 Nonnulla
505 1023 640 1085 quoque
675 1002 808 1066 famosa
843 1003 986 1067 cenobia
1019 1004 1057 1066 in
1091 1001 1299 1065 Alamannia
1333 1021 1447 1064 con-s

292 1092 428 1166 struxit,
460 1112 525 1174 quc
555 1112 663 1173 usque
693 1091 729 1153 in
753 1092 955 1155 hodiernum
982 1091 1072 1156 diem
1097 1091 1140 1154 ad
1164 1090 1410 1154 monachatum

291 1180 382 1244 solos
405 1180 621 1254 Hiberuicos‚
652 1183 693 1242 ut
715 1181 836 1257 fertur,
866 1181 1067 1244 admittunt.
1113 1179 1188 1242 Etsi
1210 1178 1299 1242 haud
1319 1177 1411 1241 multi

291 1267 352 1332 loci
384 1289 453 1332 cam
483 1273 566 1331 tectu
594 1267 732 1349 qenuiuo
762 1268 970 1349 camparandi
999 1274 1081 1348 sunt,
1116 1273 1222 1332 tamen
1252 1272 1410 1330 auctorem

293 1355 483 1437 Sanctitoqii
498 1355 586 1420 itlius
602 1377 617 1420 e
634 1356 735 1420 codice
750 1359 885 1436 quodam
896 1355 1091 1422 Britannico
1103 1357 1135 1420 A
1145 1356 1210 1419 2a¹·
1221 1357 1240 1395 2·
1249 1356 1261 1394 ³
1270 1356 1410 1436 pendere

291 1445 497 1524 manifestum
512 1450 558 1509 est
572 1451 664 1526 atque
683 1465 721 1508 eu
737 1465 801 1508 uno
816 1466 906 1526 quem
924 1445 1027 1509 socius
1041 1466 1128 1509 meas
1146 1443 1314 1525 easarpsit
1328 1444 1411 1507 ioco:
1430 1469 1456 1506 ιο

337 1534 434 1614 Ι,19.
459 1529 743 1615 sustentaturum]
769 1536 1034 1599 sustentandum
1057 1535 1192 1599 noveris
1215 1533 1291 1614 Leq.
1311 1533 1409 1614 Aaql.

459 1644 528 1687 cum
551 1623 673 1704 A2a²;
703 1625 967 1687 sustentandum
998 1624 1139 1688 minaris
1169 1623 1201 1686 A
1218 1622 1312 1686 2a²·³
1341 1643 1410 1686 cum

458 1712 490 1774 A
504 1718 555 1792 2a,

292 1799 436 1866 concludi
458 1800 537 1880 iicet,
562 1800 722 1881 exemplar
743 1801 827 1880 quod
841 1800 985 1864 Iohanni
1001 1807 1131 1882 praesto
1153 1800 1262 1879 fuerat
1284 1798 1410 1863 Passio·

291 1889 363 1953 nali
385 1889 619 1968 Herefordensi
642 1888 781 1954 similius
803 1888 904 1968 fuisse
927 1911 1022 1970 quam
1045 1889 1186 1970 reliquis.
1429 1911 1455 1950 rs

404 1987 539 2068 Operum
568 1986 760 2052 uenerabilis
788 1986 940 2067 Bedae,
976 1986 1142 2066 historica,
1177 1986 1260 2050 nitas
1290 1985 1412 2066 aliquot

291 2082 472 2140 sanctarum
495 2097 533 2140 ac
555 2077 743 2140 collectanea
766 2078 920 2157 quaedam
941 2077 1149 2156 complectens,
1174 2095 1306 2155 quorum
1329 2081 1410 2139 cata·

294 2165 398 2246 ioqum
419 2185 513 2228 uersa
528 2164 655 2246 paqina
678 2166 771 2245 docet,
796 2171 866 2229 tom.
884 2165 958 2246 III,
982 2164 1134 2229 Basileon
1162 2170 1254 2227 1563.
1294 2164 1411 2228 Editor

292 2253 448 2318 Bedanus
471 2275 540 2317 cum
563 2254 661 2317 mrdta
693 2274 788 2334 opera
811 2253 919 2317 aliena
942 2253 1070 2335 coilcqit,
1102 2259 1167 2317 tum
1196 2274 1302 2317 omnes
1331 2275 1412 2334 quae

292 2342 475 2407 haelenae
504 2362 594 2423 opere
623 2342 825 2406 continentur
852 2342 935 2406 uitas
964 2349 1144 2406 sanctorum
1167 2341 1296 2423 primus
1319 2341 1410 2420 eruit,
1430 2363 1482 2408 so.

292 2429 503 2511 compluribus
525 2429 683 2494 codicibus
705 2431 770 2494 Al
794 2451 880 2512 usus,
908 2433 964 2495 sed
985 2431 1158 2495 orationem
1175 2429 1352 2511 pristinam
1374 2431 1412 2495 in

292 2520 361 2584 sola
384 2520 420 2583 V.
443 2518 630 2583 Columbani
652 2518 797 2600 seruauit,
822 2519 1002 2584 retractatis
1020 2519 1096 2584 iibri
1114 2519 1244 2584 secundi
1261 2520 1412 2602 partibus

292 2607 439 2689 sinqulis.
478 2607 650 2672 Recensuit
666 2613 769 2671 autem
788 2609 843 2672 col.
861 2614 1059 2672 275—305.
1084 2609 1120 2672 V.
1144 2608 1340 2689 Columbani
1363 2608 1411 2673 ia·

293 2696 353 2778 cip.
370 2697 586 2760 Rutilantem
604 2696 634 2775 I,
651 2702 677 2777 1,
702 2697 838 2775 fortasse
861 2699 905 2761 ad
926 2697 1061 2762 codicem
1079 2698 1111 2760 A
1123 2695 1186 2761 la*'
1204 2693 1247 2774 (a.
1265 2718 1364 2779 supra
1374 2697 1409 2780 1),

292 2784 435 2850 adnibito
457 2785 556 2849 altero
578 2785 659 2849 libro
682 2785 794 2849 classis
816 2786 918 2850 A32:
1430 2807 1456 2847 ss

338 2874 368 2956 I,
389 2881 439 2938 19.
463 2878 503 2938 ut
519 2910 562 2917 -
578 2869 688 2958 luant]
706 2878 747 2937 ut
759 2876 932 2940 —lavent
948 2876 995 2939 ed.
1012 2875 1092 2939 Bed.
1110 2895 1179 2940 cum
1194 2874 1275 2940 As‘.
1294 2875 1348 2938 3‘*.
1363 2875 1412 2956 3*,·

464 2964 699 3027 uir-lavant
721 2963 802 3038 A3;

338 3053 439 3134 Lao.
463 3047 625 3136 remeare]
650 3053 700 3116 ire
724 3053 771 3116 ed.
794 3051 876 3117 Bcd.
901 3074 970 3117 cum
993 3053 1025 3116 A
1039 3059 1068 3115 3.
1086 3050 1117 3114 3¹
1141 3049 1222 3132 (nou
1245 3052 1277 3116 A
1291 3050 1350 3135 δ’),

400 3141 455 3205 cot.
473 3147 671 3204 305—310.
696 3141 733 3205 V.
757 3141 895 3206 Atiniae
924 3143 969 3206 ad
997 3141 1115 3206 codices
1144 3141 1263 3205 similes
1293 3141 1412 3205 nostris

292 3236 350 3295 aut
371 3230 403 3294 A
419 3238 463 3294 lc.
480 3231 509 3310 d,
534 3229 717 3310 quibuscum
740 3229 810 3293 diat
832 3231 883 3311 ΙΙ,
902 3237 931 3311 5,
961 3229 1075 3294 omissa
1105 3231 1169 3293 ioco
1199 3233 1243 3294 ad
1266 3231 1458 3310 patriamne

294 3320 396 3384 Ionae
418 3325 575 3400 spectante
597 3320 654 3384 hoc
677 3320 762 3383 Erat
784 3355 829 3362 —
852 3321 987 3384 colonia
999 3320 1020 3396 ³,
1045 3325 1101 3382 aut
1122 3320 1155 3382 A
1170 3319 1231 3398 lb1,

400 3409 454 3472 col.
473 3414 670 3472 335-*342
695 3409 730 3472 V.
755 3408 904 3472 Eustasii
933 3410 977 3472 ad
1005 3407 1124 3472 cortices
1151 3407 1270 3471 similes
1293 3407 1411 3472 nostris

293 3497 326 3560 A
341 3497 377 3560 lb
400 3503 430 3560 et
451 3497 484 3560 A
499 3505 543 3561 lc·
561 3499 590 3577 d,

401 3585 456 3650 cot.
476 3591 674 3648 sna—349.
699 3586 735 3649 V.
759 3585 900 3665 Bertutd
923 3591 952 3650 et

401 3674 456 3738 col.
475 3680 673 3736 356-367.
698 3675 733 3738 V.
753 3673 1029 3755 Barqundofarae
1047 3677 1091 3738 ad
1113 3674 1246 3739 codicem
1265 3673 1411 3753 familiae
1430 3695 1457 3736 as

293 3762 383 3842 Alb,
409 3761 460 3826 cui
482 3761 519 3826 in
542 3763 624 3826 calce
647 3765 691 3827 ad
712 3769 840 3826 mortem
855 3770 983 3828 sanctae
999 3763 1167 3846 periimus
1183 3764 1268 3827 locus
1283 3763 1412 3844 spurius

293 3850 423 3915 additus
445 3858 523 3915 erat.

400 3948 597 4013 Laurentius
621 3949 779 4030 Sarius,
805 3949 856 4013 De
882 3949 1027 4030 probatis
1055 3956 1235 4014 sauctorum
1258 3949 1411 4028 historiis,

299 4037 448 4103 Coloniae
463 4044 690 4118 latr-1575,
704 4037 786 4101 uitas
798 4045 977 4102 sauctorum
989 4041 1033 4103 ad
1044 4038 1110 4102 dics
1121 4039 1217 4117 festos
1233 4039 1411 4120 disponens,

294 4127 396 4191 Ionae
418 4126 539 4210 scripta
556 4148 618 4208 per
634 4127 748 4211 piures
771 4133 867 4190 tomos
891 4126 1049 4208 dispersit.
1431 4147 1460 4184 a

295 4303 321 4368 1)
343 4303 437 4369 Supra
454 4317 483 4367 p.
501 4304 544 4356 63.
619 4303 647 4368 2)
666 4301 701 4352 Id
718 4302 787 4367 quod
801 4303 940 4368 persparit
958 4301 996 4352 H.
1016 4302 1043 4355 J.
1063 4302 1171 4354 Lawlar
1190 4302 1206 4357 l.
1224 4303 1240 4356 l.
1256 4319 1286 4368 p.
1304 4305 1339 4357 58
1346 4319 1358 4365 ;
1376 4302 1411 4364 cf.

293 4372 336 4430 (Ν,
349 4372 442 4427 Arcti!
455 4373 563 4438 XXIX,
578 4389 608 4438 p.
621 4375 682 4427 448.
759 4371 786 4441 3)
806 4372 899 4424 Etiam
917 4374 996 4424 uerba
1014 4375 1179 4438 insequentia
1197 4390 1279 4440 usque
1297 4375 1334 4424 ad
1351 4390 1412 4440 per·

293 4443 417 4494 venimus
436 4445 465 4494 iu
482 4446 508 4494 A
520 4447 555 4497 le.
570 4445 589 4494 d
606 4445 802 4498 destrimentum
