3222 5030
296 443 330 497 16
508 437 633 512 IONAS,
646 439 768 495 VITAE
787 439 1015 496 OOLUMBANI
1033 439 1142 496 LIBRI
1159 439 1199 499 H.

294 629 434 687 uotorum
452 621 621 688 diuersitas
636 622 795 707 profectui
812 629 944 705 noceret,
964 643 1139 706 omnesque,
1160 623 1305 705 quamuis
1321 623 1414 689 multi

294 718 404 792 essent,
434 714 480 777 ad
507 733 578 777 eum
605 712 768 794 demovit,
798 712 855 793 qui
884 712 954 778 Deo
983 712 1074 778 tucn
1102 713 1207 778 attare
1236 713 1412 778 seruiturus

293 802 428 866 essetab
447 800 534 866 Aido
551 801 694 883 episcopa
716 801 919 867 benedictum.
962 800 1102 867 Causam
1119 801 1274 884 propriae
1295 801 1412 868 rosinae

292 888 359 954 nnc
376 889 540 972 perspexit
561 911 630 954 euni
652 889 763 970 fuisse,
787 893 871 972 quod
891 911 998 956 ornnes
1018 889 1176 956 adiuuare
1197 890 1345 956 coluisset
1363 890 1412 956 oet

291 977 418 1060 inuitas,
447 981 532 1043 unde
559 978 700 1059 undique
728 979 935 1062 impuqnatns
957 986 1035 1045 esset
1040 1002 1054 1061 ,·
1085 1000 1292 1045 mansorem
1314 979 1444 1045 votuits

285 1066 527 1149 pruderrtioreru
555 1087 588 1132 se
617 1067 812 1132 diversitatis
840 1089 963 1132 morum
991 1068 1218 1151 qualitatumve
1249 1068 1410 1133 hominum

291 1155 449 1221 rationein
487 1155 680 1237 habitururn,
717 1177 788 1220 cuni
825 1177 891 1220 nou
924 1157 1034 1222 omnia
1067 1157 1211 1222 munibus
1244 1156 1411 1223 conuenire

290 1243 412 1309 marrito
434 1243 613 1309 didicisset:
636 1249 720 1325 esto,
743 1244 858 1326 inquit,
881 1247 1065 1331 multiplex
1083 1248 1128 1312 ad
1145 1268 1408 1325 cumeorum,

291 1334 351 1416 qui
373 1334 438 1399 tibi
462 1334 688 1400 oboedierinc.
739 1332 832 1399 anit
859 1332 969 1416 iqitur,
999 1355 1040 1399 ue
1071 1355 1131 1416 quo
1152 1356 1221 1399 unu
1243 1337 1410 1416 eademque

290 1421 416 1487 ratione
445 1443 551 1487 ornnes
581 1429 773 1487 tractaverat
794 1443 902 1487 errore
927 1424 1032 1488 eodem
1052 1443 1247 1488 successores
1268 1423 1456 1504 implica-10

290 1517 411 1575 rentur.
457 1511 546 1576 Loca
568 1517 672 1576 cutem
693 1511 724 1576 si
748 1511 919 1593 placerent,
949 1517 985 1575 ut
1007 1510 1044 1576 in
1066 1511 1152 1576 mitte
1173 1511 1266 1576 mitia
1288 1512 1409 1591 fratres

289 1607 471 1683 crescerent,
494 1599 759 1665 oehurrentissime
780 1599 947 1683 eaopcun

397 1688 556 1755 Scribenti
578 1689 629 1754 itti
651 1689 785 1754 nuntius
813 1689 995 1772 superuenit
1022 1709 1135 1753 noveru
1159 1695 1314 1770 paratam
1343 1711 1408 1756 esse

289 1799 441 1860 narrans,
476 1799 540 1860 quo
573 1777 694 1844 inuitus
725 1778 763 1844 in
796 1776 991 1844 Hiberniam
1024 1783 1248 1860 reportaretur.
1302 1778 1408 1844 Nauis

289 1868 453 1948 quaedam,
484 1888 565 1948 quae
594 1868 770 1933 Scottorum
798 1887 916 1933 merces
944 1869 1124 1948 aduenerat,
1156 1887 1276 1932 omnem
1305 1867 1408 1950 ipsius
1427 1891 1453 1932 1⁶

288 1956 506 2038 supeltectilem
529 1956 712 2038 corur'tesqne
733 1962 911 2038 receperat;
931 1956 1030 2022 undis
1044 1976 1118 2021 ocra
1132 1957 1178 2022 ad
1198 1955 1275 2022 titus
1292 1956 1408 2022 reiecta

281 2067 344 2128 per
361 2045 504 2112 triduum
526 2045 574 2111 ibi
594 2046 791 2112 detinebatur
808 2066 907 2127 neque
928 2045 998 2110 uela
1012 2044 1049 2110 in
1064 2046 1164 2110 altura
1179 2045 1258 2110 dare
1270 2051 1406 2128 poterat,

281 2134 474 2217 priusqam
490 2141 591 2200 nauta
602 2156 683 2217 quoe
696 2137 743 2200 ad
755 2140 900 2200 sanctum
908 2134 1114 2216 pertinebant
1124 2154 1175 2198 res
1186 2133 1405 2214 ecpoucissetl.

287 2224 326 2287 Is
348 2223 385 2288 in
407 2223 576 2305 nospitium
597 2245 688 2288 scinu
702 2223 770 2288 iura
784 2223 920 2306 rediens,
944 2224 1031 2288 nullo
1051 2225 1200 2303 obstante,
1217 2223 1318 2304 paulo
1334 2229 1409 2304 past

287 2314 332 2376 od
369 2311 590 2378 Chtodcariunr
625 2311 888 2378 Neustrasiorum
922 2333 1025 2394 reqem
1058 2310 1199 2376 transiit.
1259 2309 1407 2377 Custodes
1424 2337 1453 2378 so

287 2407 392 2465 autem
420 2399 483 2466 sibi
510 2402 759 2484 protutubantur
782 2400 1036 2482 potentissimum
1067 2399 1158 2466 illurn
1187 2399 1253 2465 Dei
1282 2421 1406 2465 serourn

285 2489 432 2554 illaesum
454 2489 598 2571 euasisse,
629 2490 744 2572 diuque
772 2489 840 2556 iam
868 2490 980 2573 fuqarn
1002 2489 1071 2554 eius
1093 2495 1340 2571 espectuoeraut,
1370 2488 1408 2554 id

285 2581 370 2660 quod
396 2577 464 2660 ipse
493 2585 623 2644 testatus
648 2581 733 2644 est²s
767 2580 814 2657 Si,
844 2578 958 2661 inquit,
992 2580 1126 2664 fugero,
1162 2578 1279 2643 nullus
1309 2581 1406 2644 vetut

286 2671 418 2746 ousion
447 2691 526 2734 nam
550 2670 616 2734 hoc
639 2669 803 2734 videntur
824 2669 924 2747 velle,
948 2671 989 2734 ut
1012 2690 1076 2752 ego
1099 2668 1243 2752 fugiam.

398 2756 610 2824 Ooturnbanus
636 2756 928 2840 pereqrinationenc
961 2777 1054 2822 suain
1082 2756 1197 2820 iteruin
1230 2754 1405 2836 suscipiens
1423 2781 1451 2822 u

284 2865 383 2926 ireque
412 2845 450 2911 in
476 2846 660 2912 Otdottcarii
688 2867 785 2929 reque
808 2844 975 2912 consistere
996 2845 1112 2927 notens,
1142 2843 1306 2928 castiqatis
1328 2864 1405 2926 quos

284 2933 321 2998 in
350 2935 428 3000 anta
455 2935 545 3018 reqia
574 2935 821 3017 deprehenderat
847 2934 1020 3016 mutuis,
1051 2939 1253 3000 commeatum
1282 2955 1304 2996 a
1333 2954 1405 3015 reqe

278 3022 382 3106 petiit,
413 3031 449 3088 ut
477 3027 522 3090 ad
547 3025 796 3090 Theudebertum
818 3025 1057 3108 perduceretur.
1107 3023 1272 3104 Euqndsus
1297 3021 1404 3105 primo

281 3118 388 3194 qentes
416 3111 549 3178 uisitare
578 3112 683 3194 eisque
711 3112 910 3196 eounqetiurn
934 3111 1130 3195 praedicare
1159 3111 1403 3192 desideraverat,

282 3202 339 3266 sed
367 3203 405 3268 de
433 3222 544 3267 earum
572 3208 675 3284 tepore
704 3201 819 3267 certior
850 3201 957 3281 factus
989 3200 1158 3268 consitium
1190 3199 1273 3265 ittud
1299 3221 1404 3282 paene
1421 3227 1450 3266 oo

283 3290 481 3373 obiecerot⁸;
503 3297 578 3356 tunc
592 3290 629 3356 in
644 3290 778 3356 Italiam
796 3291 1019 3356 transcendere
1036 3289 1188 3372 cupiebat,
1207 3310 1268 3371 quo
1279 3309 1403 3371 popam

191 3403 265 3453 run.
283 3380 484 3445 consulturus
518 3379 672 3445 iamdiu
702 3379 854 3461 *abiisset
888 3379 956 3445 nisi
989 3379 1130 3461 corporis
1163 3378 1341 3458 infirmitas
1375 3383 1405 3442 et

283 3488 362 3533 curo
391 3469 662 3534 contubernalium
695 3489 825 3534 suorum
858 3467 965 3552 ipsum
993 3467 1206 3533 retinuisset4.
1252 3472 1319 3531 Iter
1340 3487 1403 3548 per

283 3556 432 3622 Parisios
461 3557 586 3636 faciens
614 3557 652 3622 iu
681 3557 793 3639 oppido
816 3556 979 3623 Metdensi
1013 3563 1043 3622 et
1074 3555 1112 3621 in
1144 3555 1223 3620 uitta
1253 3554 1402 3620 Vulciaco

283 3647 393 3710 doinus
418 3646 635 3713 nobilissimas
664 3649 742 3712 adeo
770 3645 834 3712 sibi
862 3647 999 3728 fideique
1027 3667 1110 3712 sune
1134 3643 1337 3724 devinciebat,
1367 3650 1404 3708 ut
1420 3673 1448 3714 ss

282 3754 347 3798 non
375 3736 475 3800 sotum
500 3735 628 3819 muqnis
656 3735 829 3802 honoribus
861 3735 965 3818 ipsum
1000 3734 1183 3816 reciperent,
1217 3735 1274 3798 sed
1306 3731 1402 3798 etiarn

280 3822 397 3889 liberas
422 3825 452 3889 ei
481 3827 526 3890 ad
553 3825 795 3891 benedicendum
825 3825 984 3904 offerrent,
1014 3823 1070 3906 qui
1086 3830 1199 3905 postea
1222 3821 1312 3888 nouis
1333 3843 1401 3887 can·

281 3911 358 3976 ditis
386 3914 589 3980 monasteriis
617 3914 796 3980 doctrinam
825 3914 1026 3996 requtarnque
1055 3911 1124 3978 eius
1146 3918 1176 3976 et
1196 3911 1261 3993 ipsi
1283 3931 1401 3993 propa-

278 4009 443 4082 quoerunt.
487 4004 721 4069 Theudebertus
739 4024 805 4084 rec,
829 4004 874 4067 ad
895 4022 985 4084 quern
1002 4007 1077 4082 post
1091 4000 1159 4065 eius
1174 3999 1294 4065 abitum
1309 3999 1401 4064 rnutti

279 4089 347 4155 iarn
375 4092 496 4171 fratres
524 4092 669 4158 Luuooio
698 4113 730 4158 se
759 4091 966 4172 coutulerunt,
995 4096 1026 4155 et
1053 4089 1123 4155 tacu
1151 4095 1328 4172 opportuno
1358 4089 1403 4154 ad
1418 4119 1446 4158 40

280 4179 511 4246 consistendum
533 4188 563 4247 et
584 4181 730 4246 nationes
756 4179 925 4264 proximos
954 4180 999 4244 ad
1019 4177 1277 4261 praedicandum
1300 4180 1329 4244 ei
1353 4179 1400 4242 ab·

278 4353 307 4490 B
322 4355 356 4476 ᾗ.
372 4355 579 4482 θοῑιῖνέἔ.1,’23.
634 4355 664 4422 2)
679 4355 838 4408 columbani
849 4353 965 4420 epistula
976 4355 994 4408 t.
1009 4354 1025 4408 l.
1035 4369 1064 4421 p.
1076 4355 1137 4409 169.
1192 4354 1220 4424 3)
1239 4353 1282 4407 Ib.
1296 4369 1326 4419 p.
1340 4353 1398 4407 167.

358 4444 408 4494 .p.
476 4468 482 4481 .
