<?xml version="1.0" encoding="UTF-8"?>
<!DOCTYPE html PUBLIC "-//W3C//DTD XHTML 1.0 Transitional//EN"
    "http://www.w3.org/TR/xhtml1/DTD/xhtml1-transitional.dtd">
<html xmlns="http://www.w3.org/1999/xhtml" xml:lang="en" lang="en">
 <head>
  <title>
</title>
<meta http-equiv="Content-Type" content="text/html;charset=utf-8" />
  <meta name='ocr-system' content='tesseract 3.04.00' />
  <meta name='ocr-capabilities' content='ocr_page ocr_carea ocr_par ocr_line ocrx_word'/>
</head>
<body>
  <div class='ocr_page' id='page_1' title='image "./ionaevitaesanct00krusgoog_0068.png"; bbox 0 0 3222 5030; ppageno 0'>
   <div class='ocr_carea' id='block_1_1' title="bbox 311 481 1215 553">
    <p class='ocr_par' dir='ltr' id='par_1_1' title="bbox 311 481 1215 553">
     <span class='ocr_line' id='line_1_1' title="bbox 311 481 1215 553; baseline -0.007 -7"><span class='ocrx_word' id='word_1_1' title='bbox 311 491 346 546; x_wconf 78' lang='grc'><strong><em>52</em></strong></span> <span class='ocrx_word' id='word_1_2' title='bbox 525 483 650 553; x_wconf 81' lang='lat' dir='ltr'><strong><em>IONAS,</em></strong></span> <span class='ocrx_word' id='word_1_3' title='bbox 662 481 785 538; x_wconf 76' lang='lat' dir='ltr'>VITAE</span> <span class='ocrx_word' id='word_1_4' title='bbox 804 481 1031 539; x_wconf 81' lang='lat' dir='ltr'><strong>OOLUMBANI</strong></span> <span class='ocrx_word' id='word_1_5' title='bbox 1050 481 1158 538; x_wconf 80' lang='lat' dir='ltr'><strong>LIBRI</strong></span> <span class='ocrx_word' id='word_1_6' title='bbox 1176 483 1215 541; x_wconf 87' lang='lat' dir='ltr'><strong><em>H.</em></strong></span> 
     </span>
    </p>
   </div>
   <div class='ocr_carea' id='block_1_2' title="bbox 311 665 1492 3853">
    <p class='ocr_par' dir='ltr' id='par_1_2' title="bbox 311 665 1465 1283">
     <span class='ocr_line' id='line_1_2' title="bbox 311 665 1430 750; baseline -0.004 -14"><span class='ocrx_word' id='word_1_7' title='bbox 311 675 440 736; x_wconf 88' lang='lat' dir='ltr'><strong><em>sanctus</em></strong></span> <span class='ocrx_word' id='word_1_8' title='bbox 454 666 659 750; x_wconf 74' lang='lat' dir='ltr'><strong><em>requieverat,</em></strong></span> <span class='ocrx_word' id='word_1_9' title='bbox 676 665 940 732; x_wconf 84' lang='lat' dir='ltr'><strong><em>commemorandi</em></strong></span> <span class='ocrx_word' id='word_1_10' title='bbox 954 672 1037 747; x_wconf 88' lang='lat' dir='ltr'><strong><em>sunt,</em></strong></span> <span class='ocrx_word' id='word_1_11' title='bbox 1054 665 1173 732; x_wconf 89' lang='lat' dir='ltr'><strong><em>scilicet</em></strong></span> <span class='ocrx_word' id='word_1_12' title='bbox 1192 665 1430 749; x_wconf 80' lang='lat' dir='ltr'><strong><em>Obaqnoaldus,</em></strong></span> 
     </span>
     <span class='ocr_line' id='line_1_3' title="bbox 312 754 1432 838; baseline -0.003 -14"><span class='ocrx_word' id='word_1_13' title='bbox 312 757 572 838; x_wconf 73' lang='lat' dir='ltr'><strong><em>Burquudofara</em></strong></span> <span class='ocrx_word' id='word_1_14' title='bbox 594 761 623 820; x_wconf 88' lang='lat' dir='ltr'><strong><em>et</em></strong></span> <span class='ocrx_word' id='word_1_15' title='bbox 643 754 714 820; x_wconf 88' lang='lat' dir='ltr'><strong><em>siue</em></strong></span> <span class='ocrx_word' id='word_1_16' title='bbox 736 754 831 820; x_wconf 89' lang='lat' dir='ltr'><strong><em>dubio</em></strong></span> <span class='ocrx_word' id='word_1_17' title='bbox 853 754 1120 836; x_wconf 82' lang='lat' dir='ltr'><strong><em>Burqundofaro.</em></strong></span> <span class='ocrx_word' id='word_1_18' title='bbox 1166 755 1221 820; x_wconf 82' lang='lat' dir='ltr'><strong><em>En</em></strong></span> <span class='ocrx_word' id='word_1_19' title='bbox 1250 755 1301 820; x_wconf 88' lang='lat' dir='ltr'><strong><em>bis</em></strong></span> <span class='ocrx_word' id='word_1_20' title='bbox 1329 755 1432 838; x_wconf 82' lang='lat' dir='ltr'><strong><em>Obaq-</em></strong></span> 
     </span>
     <span class='ocr_line' id='line_1_4' title="bbox 313 841 1432 929; baseline -0.004 -15"><span class='ocrx_word' id='word_1_21' title='bbox 313 848 457 929; x_wconf 82' lang='lat' dir='ltr'><strong><em>noaldus,</em></strong></span> <span class='ocrx_word' id='word_1_22' title='bbox 487 845 544 928; x_wconf 86' lang='lat' dir='ltr'><strong><em>qui</em></strong></span> <span class='ocrx_word' id='word_1_23' title='bbox 570 843 718 908; x_wconf 77' lang='lat' dir='ltr'><strong><em>minister</em></strong></span> <span class='ocrx_word' id='word_1_24' title='bbox 745 841 933 908; x_wconf 85' lang='lat' dir='ltr'><strong><em>(lolumboni</em></strong></span> <span class='ocrx_word' id='word_1_25' title='bbox 961 844 998 909; x_wconf 91' lang='lat' dir='ltr'><strong><em>iu</em></strong></span> <span class='ocrx_word' id='word_1_26' title='bbox 1027 845 1127 909; x_wconf 88' lang='lat' dir='ltr'><strong><em>locum</em></strong></span> <span class='ocrx_word' id='word_1_27' title='bbox 1149 843 1339 910; x_wconf 82' lang='lat' dir='ltr'><strong><em>Domoalis¹</em></strong></span> <span class='ocrx_word' id='word_1_28' title='bbox 1367 865 1432 909; x_wconf 87' lang='lat' dir='ltr'><strong><em>suc-</em></strong></span> 
     </span>
     <span class='ocr_line' id='line_1_5' title="bbox 313 931 1433 1017; baseline -0.004 -15"><span class='ocrx_word' id='word_1_29' title='bbox 313 941 457 1017; x_wconf 85' lang='lat' dir='ltr'><strong><em>cesserat,</em></strong></span> <span class='ocrx_word' id='word_1_30' title='bbox 481 934 550 1000; x_wconf 88' lang='lat' dir='ltr'><strong><em>eius</em></strong></span> <span class='ocrx_word' id='word_1_31' title='bbox 573 931 838 998; x_wconf 74' lang='lat' dir='ltr'><strong><em>conversationem</em></strong></span> <span class='ocrx_word' id='word_1_32' title='bbox 862 932 898 996; x_wconf 91' lang='lat' dir='ltr'><strong><em>iu</em></strong></span> <span class='ocrx_word' id='word_1_33' title='bbox 912 933 1033 997; x_wconf 89' lang='lat' dir='ltr'><strong><em>deserto</em></strong></span> <span class='ocrx_word' id='word_1_34' title='bbox 1048 932 1266 998; x_wconf 86' lang='lat' dir='ltr'><strong><em>Alamannico</em></strong></span> <span class='ocrx_word' id='word_1_35' title='bbox 1288 939 1433 1015; x_wconf 79' lang='lat' dir='ltr'><strong><em>eapertm</em></strong></span> 
     </span>
     <span class='ocr_line' id='line_1_6' title="bbox 314 1021 1465 1105; baseline -0.004 -14"><span class='ocrx_word' id='word_1_36' title='bbox 314 1026 413 1105; x_wconf 73' lang='lat' dir='ltr'><strong><em>erat’,</em></strong></span> <span class='ocrx_word' id='word_1_37' title='bbox 444 1029 473 1089; x_wconf 94' lang='lat' dir='ltr'><strong><em>et</em></strong></span> <span class='ocrx_word' id='word_1_38' title='bbox 495 1021 668 1104; x_wconf 77' lang='lat' dir='ltr'><strong><em>praecipue</em></strong></span> <span class='ocrx_word' id='word_1_39' title='bbox 691 1040 772 1101; x_wconf 87' lang='lat' dir='ltr'><strong><em>quae</em></strong></span> <span class='ocrx_word' id='word_1_40' title='bbox 793 1027 903 1086; x_wconf 90' lang='lat' dir='ltr'><strong><em>sancto</em></strong></span> <span class='ocrx_word' id='word_1_41' title='bbox 925 1021 1100 1087; x_wconf 81' lang='lat' dir='ltr'><strong><em>blanditiae</em></strong></span> <span class='ocrx_word' id='word_1_42' title='bbox 1117 1043 1178 1104; x_wconf 88' lang='lat' dir='ltr'><strong><em>per</em></strong></span> <span class='ocrx_word' id='word_1_43' title='bbox 1200 1021 1360 1087; x_wconf 89' lang='lat' dir='ltr'><strong><em>animalia</em></strong></span> <span class='ocrx_word' id='word_1_44' title='bbox 1382 1022 1465 1087; x_wconf 85' lang='lat' dir='ltr'><strong><em>sil-s</em></strong></span> 
     </span>
     <span class='ocr_line' id='line_1_7' title="bbox 314 1106 1434 1193; baseline -0.004 -14"><span class='ocrx_word' id='word_1_45' title='bbox 314 1111 432 1179; x_wconf 77' lang='lat' dir='ltr'><strong><em>restria</em></strong></span> <span class='ocrx_word' id='word_1_46' title='bbox 455 1110 612 1176; x_wconf 77' lang='lat' dir='ltr'><strong><em>exhibitae</em></strong></span> <span class='ocrx_word' id='word_1_47' title='bbox 634 1115 744 1190; x_wconf 89' lang='lat' dir='ltr'><strong><em>essent,</em></strong></span> <span class='ocrx_word' id='word_1_48' title='bbox 768 1109 870 1174; x_wconf 89' lang='lat' dir='ltr'><strong><em>Ionae</em></strong></span> <span class='ocrx_word' id='word_1_49' title='bbox 892 1110 1017 1175; x_wconf 90' lang='lat' dir='ltr'><strong><em>curioso</em></strong></span> <span class='ocrx_word' id='word_1_50' title='bbox 1039 1110 1207 1176; x_wconf 84' lang='lat' dir='ltr'><strong><em>enarravit</em></strong></span> <span class='ocrx_word' id='word_1_51' title='bbox 1215 1112 1236 1192; x_wconf 83' lang='lat'><strong><em>³,</em></strong></span> <span class='ocrx_word' id='word_1_52' title='bbox 1265 1106 1434 1193; x_wconf 78' lang='lat' dir='ltr'><strong><em>antequam</em></strong></span> 
     </span>
     <span class='ocr_line' id='line_1_8' title="bbox 316 1197 767 1283; baseline -0.016 -15"><span class='ocrx_word' id='word_1_53' title='bbox 316 1223 341 1268; x_wconf 90' lang='lat' dir='ltr'><strong><em>o.</em></strong></span> <span class='ocrx_word' id='word_1_54' title='bbox 366 1224 396 1266; x_wconf 90' lang='lat' dir='ltr'><strong><em>a.</em></strong></span> <span class='ocrx_word' id='word_1_55' title='bbox 414 1197 526 1283; x_wconf 75' lang='lat' dir='ltr'><strong><em>632f3.</em></strong></span> <span class='ocrx_word' id='word_1_56' title='bbox 550 1204 691 1262; x_wconf 75' lang='lat' dir='ltr'><strong><em>mortum</em></strong></span> <span class='ocrx_word' id='word_1_57' title='bbox 713 1203 767 1262; x_wconf 90' lang='lat' dir='ltr'><strong><em>est.</em></strong></span> 
     </span>
    </p>

    <p class='ocr_par' dir='ltr' id='par_1_3' title="bbox 317 1286 1482 1816">
     <span class='ocr_line' id='line_1_9' title="bbox 423 1286 1434 1370; baseline -0.001 -17"><span class='ocrx_word' id='word_1_58' title='bbox 423 1289 538 1370; x_wconf 88' lang='lat' dir='ltr'><strong><em>Itaque</em></strong></span> <span class='ocrx_word' id='word_1_59' title='bbox 556 1287 756 1369; x_wconf 86' lang='lat' dir='ltr'><strong><em>bioqrapbus,</em></strong></span> <span class='ocrx_word' id='word_1_60' title='bbox 780 1286 853 1352; x_wconf 89' lang='lat' dir='ltr'><strong><em>lieet</em></strong></span> <span class='ocrx_word' id='word_1_61' title='bbox 870 1286 1098 1353; x_wconf 84' lang='lat' dir='ltr'><strong><em>Golumbouum</em></strong></span> <span class='ocrx_word' id='word_1_62' title='bbox 1120 1288 1187 1370; x_wconf 77' lang='lat' dir='ltr'><strong><em>ipse</em></strong></span> <span class='ocrx_word' id='word_1_63' title='bbox 1209 1309 1274 1353; x_wconf 89' lang='lat' dir='ltr'><strong><em>nou</em></strong></span> <span class='ocrx_word' id='word_1_64' title='bbox 1297 1287 1434 1368; x_wconf 87' lang='lat' dir='ltr'><strong><em>uidisset,</em></strong></span> 
     </span>
     <span class='ocr_line' id='line_1_10' title="bbox 317 1375 1437 1460; baseline -0.004 -16"><span class='ocrx_word' id='word_1_65' title='bbox 317 1385 423 1444; x_wconf 87' lang='lat' dir='ltr'><strong><em>tamen</em></strong></span> <span class='ocrx_word' id='word_1_66' title='bbox 452 1377 608 1442; x_wconf 89' lang='lat' dir='ltr'><strong><em>derebus</em></strong></span> <span class='ocrx_word' id='word_1_67' title='bbox 630 1376 670 1440; x_wconf 90' lang='lat' dir='ltr'><strong><em>ab</em></strong></span> <span class='ocrx_word' id='word_1_68' title='bbox 693 1396 728 1440; x_wconf 89' lang='lat' dir='ltr'><strong><em>eo</em></strong></span> <span class='ocrx_word' id='word_1_69' title='bbox 750 1375 788 1440; x_wconf 91' lang='lat' dir='ltr'><strong><em>in</em></strong></span> <span class='ocrx_word' id='word_1_70' title='bbox 815 1375 927 1441; x_wconf 81' lang='lat' dir='ltr'><strong><em>Gallia</em></strong></span> <span class='ocrx_word' id='word_1_71' title='bbox 949 1375 1111 1459; x_wconf 77' lang='lat' dir='ltr'><strong><em>Italiaque</em></strong></span> <span class='ocrx_word' id='word_1_72' title='bbox 1138 1377 1234 1460; x_wconf 86' lang='lat' dir='ltr'><strong><em>qestis</em></strong></span> <span class='ocrx_word' id='word_1_73' title='bbox 1257 1397 1319 1460; x_wconf 87' lang='lat' dir='ltr'><strong><em>per</em></strong></span> <span class='ocrx_word' id='word_1_74' title='bbox 1347 1381 1437 1442; x_wconf 74' lang='lat' dir='ltr'><strong><em>testis</em></strong></span> 
     </span>
     <span class='ocr_line' id='line_1_11' title="bbox 317 1463 1482 1548; baseline -0.003 -15"><span class='ocrx_word' id='word_1_75' title='bbox 317 1468 456 1533; x_wconf 85' lang='lat' dir='ltr'><strong><em>oculatos</em></strong></span> <span class='ocrx_word' id='word_1_76' title='bbox 485 1464 598 1548; x_wconf 86' lang='lat' dir='ltr'><strong><em>optime</em></strong></span> <span class='ocrx_word' id='word_1_77' title='bbox 626 1463 800 1529; x_wconf 88' lang='lat' dir='ltr'><strong><em>instructus</em></strong></span> <span class='ocrx_word' id='word_1_78' title='bbox 819 1485 898 1530; x_wconf 81' lang='lat' dir='ltr'><strong><em>,csse</em></strong></span> <span class='ocrx_word' id='word_1_79' title='bbox 925 1471 1061 1546; x_wconf 89' lang='lat' dir='ltr'><strong><em>poterat.</em></strong></span> <span class='ocrx_word' id='word_1_80' title='bbox 1114 1465 1299 1548; x_wconf 79' lang='lat' dir='ltr'><strong><em>Discipulos</em></strong></span> <span class='ocrx_word' id='word_1_81' title='bbox 1332 1471 1436 1530; x_wconf 89' lang='lat' dir='ltr'><strong><em>autem</em></strong></span> <span class='ocrx_word' id='word_1_82' title='bbox 1456 1489 1482 1530; x_wconf 78' lang='lat' dir='ltr'><strong><em>so</em></strong></span> 
     </span>
     <span class='ocr_line' id='line_1_12' title="bbox 318 1552 1437 1636; baseline -0.003 -14"><span class='ocrx_word' id='word_1_83' title='bbox 318 1561 542 1636; x_wconf 88' lang='lat' dir='ltr'><strong><em>sectatoresque</em></strong></span> <span class='ocrx_word' id='word_1_84' title='bbox 564 1552 678 1635; x_wconf 88' lang='lat' dir='ltr'><strong><em>sancti,</em></strong></span> <span class='ocrx_word' id='word_1_85' title='bbox 702 1554 740 1618; x_wconf 89' lang='lat' dir='ltr'><strong><em>de</em></strong></span> <span class='ocrx_word' id='word_1_86' title='bbox 762 1553 876 1635; x_wconf 90' lang='lat' dir='ltr'><strong><em>quibus</em></strong></span> <span class='ocrx_word' id='word_1_87' title='bbox 898 1553 935 1618; x_wconf 91' lang='lat' dir='ltr'><strong><em>in</em></strong></span> <span class='ocrx_word' id='word_1_88' title='bbox 957 1555 1057 1619; x_wconf 90' lang='lat' dir='ltr'><strong><em>altero</em></strong></span> <span class='ocrx_word' id='word_1_89' title='bbox 1073 1554 1156 1620; x_wconf 89' lang='lat' dir='ltr'><strong><em>libro</em></strong></span> <span class='ocrx_word' id='word_1_90' title='bbox 1172 1554 1300 1636; x_wconf 82' lang='lat' dir='ltr'><strong><em>rettulit,</em></strong></span> <span class='ocrx_word' id='word_1_91' title='bbox 1319 1555 1437 1636; x_wconf 89' lang='lat' dir='ltr'><strong><em>pleros·</em></strong></span> 
     </span>
     <span class='ocr_line' id='line_1_13' title="bbox 319 1641 1437 1728; baseline 0.003 -18"><span class='ocrx_word' id='word_1_92' title='bbox 319 1665 378 1728; x_wconf 87' lang='lat' dir='ltr'><strong><em>que</em></strong></span> <span class='ocrx_word' id='word_1_93' title='bbox 400 1664 464 1709; x_wconf 88' lang='lat' dir='ltr'><strong><em>non</em></strong></span> <span class='ocrx_word' id='word_1_94' title='bbox 487 1643 587 1707; x_wconf 92' lang='lat' dir='ltr'><strong><em>solum</em></strong></span> <span class='ocrx_word' id='word_1_95' title='bbox 609 1641 676 1724; x_wconf 88' lang='lat' dir='ltr'><strong><em>ipse</em></strong></span> <span class='ocrx_word' id='word_1_96' title='bbox 698 1641 830 1723; x_wconf 78' lang='lat' dir='ltr'><strong><em>oidmat,</em></strong></span> <span class='ocrx_word' id='word_1_97' title='bbox 854 1643 911 1707; x_wconf 89' lang='lat' dir='ltr'><strong><em>sed</em></strong></span> <span class='ocrx_word' id='word_1_98' title='bbox 931 1642 1028 1708; x_wconf 88' lang='lat' dir='ltr'><strong><em>etiam</em></strong></span> <span class='ocrx_word' id='word_1_99' title='bbox 1051 1642 1180 1709; x_wconf 90' lang='lat' dir='ltr'><strong><em>diutina</em></strong></span> <span class='ocrx_word' id='word_1_100' title='bbox 1202 1642 1437 1713; x_wconf 77' lang='lat' dir='ltr'><strong><em>conuersatione</em></strong></span> 
     </span>
     <span class='ocr_line' id='line_1_14' title="bbox 319 1730 1323 1816; baseline -0.002 -16"><span class='ocrx_word' id='word_1_101' title='bbox 319 1739 464 1816; x_wconf 71' lang='lat' dir='ltr'><strong><em>expertus</em></strong></span> <span class='ocrx_word' id='word_1_102' title='bbox 486 1737 562 1796; x_wconf 88' lang='lat' dir='ltr'><strong><em>erat.</em></strong></span> <span class='ocrx_word' id='word_1_103' title='bbox 610 1730 787 1796; x_wconf 83' lang='lat' dir='ltr'><strong><em>Materiam</em></strong></span> <span class='ocrx_word' id='word_1_104' title='bbox 810 1731 906 1795; x_wconf 89' lang='lat' dir='ltr'><strong><em>buius</em></strong></span> <span class='ocrx_word' id='word_1_105' title='bbox 928 1731 1006 1796; x_wconf 86' lang='lat' dir='ltr'><strong><em>libri</em></strong></span> <span class='ocrx_word' id='word_1_106' title='bbox 1028 1732 1075 1797; x_wconf 90' lang='lat' dir='ltr'><strong><em>ita</em></strong></span> <span class='ocrx_word' id='word_1_107' title='bbox 1098 1732 1262 1814; x_wconf 82' lang='lat' dir='ltr'><strong><em>disposuit,</em></strong></span> <span class='ocrx_word' id='word_1_108' title='bbox 1286 1739 1323 1798; x_wconf 89' lang='lat' dir='ltr'><strong><em>ut</em></strong></span> 
     </span>
    </p>

    <p class='ocr_par' dir='ltr' id='par_1_4' title="bbox 427 1820 1097 1903">
     <span class='ocr_line' id='line_1_15' title="bbox 427 1820 1097 1903; baseline -0.001 -15"><span class='ocrx_word' id='word_1_109' title='bbox 427 1843 453 1888; x_wconf 87' lang='lat' dir='ltr'><strong><em>c.</em></strong></span> <span class='ocrx_word' id='word_1_110' title='bbox 473 1826 571 1884; x_wconf 82' lang='grc'><strong>1-6.</strong></span> <span class='ocrx_word' id='word_1_111' title='bbox 596 1821 634 1884; x_wconf 92' lang='lat' dir='ltr'><strong><em>de</em></strong></span> <span class='ocrx_word' id='word_1_112' title='bbox 656 1820 779 1884; x_wconf 86' lang='lat' dir='ltr'><strong><em>Atbala</em></strong></span> <span class='ocrx_word' id='word_1_113' title='bbox 801 1821 912 1885; x_wconf 91' lang='lat' dir='ltr'><strong><em>abbate</em></strong></span> <span class='ocrx_word' id='word_1_114' title='bbox 934 1820 1097 1903; x_wconf 86' lang='lat' dir='ltr'><strong><em>Bobiensi,</em></strong></span> 
     </span>
    </p>

    <p class='ocr_par' dir='ltr' id='par_1_5' title="bbox 428 1908 1484 1991">
     <span class='ocr_line' id='line_1_16' title="bbox 428 1908 1484 1991; baseline -0.002 -16"><span class='ocrx_word' id='word_1_115' title='bbox 428 1932 453 1976; x_wconf 87' lang='lat' dir='ltr'><strong><em>c.</em></strong></span> <span class='ocrx_word' id='word_1_116' title='bbox 472 1915 590 1973; x_wconf 86' lang='lat'>7-10.</span> <span class='ocrx_word' id='word_1_117' title='bbox 614 1909 652 1973; x_wconf 86' lang='lat' dir='ltr'><strong><em>de</em></strong></span> <span class='ocrx_word' id='word_1_118' title='bbox 675 1908 827 1973; x_wconf 85' lang='lat' dir='ltr'><strong><em>Eustasio</em></strong></span> <span class='ocrx_word' id='word_1_119' title='bbox 850 1910 961 1974; x_wconf 91' lang='lat' dir='ltr'><strong><em>abbate</em></strong></span> <span class='ocrx_word' id='word_1_120' title='bbox 983 1909 1187 1991; x_wconf 58' lang='lat' dir='ltr'><strong><em>mosomensi,</em></strong></span> <span class='ocrx_word' id='word_1_121' title='bbox 1459 1932 1484 1973; x_wconf 76' lang='lat' dir='ltr'><strong><em>ss</em></strong></span> 
     </span>
    </p>

    <p class='ocr_par' dir='ltr' id='par_1_6' title="bbox 428 1997 1165 2080">
     <span class='ocr_line' id='line_1_17' title="bbox 428 1997 1165 2080; baseline -0.004 -14"><span class='ocrx_word' id='word_1_122' title='bbox 428 2021 453 2066; x_wconf 90' lang='lat' dir='ltr'><strong><em>o.</em></strong></span> <span class='ocrx_word' id='word_1_123' title='bbox 473 2004 616 2063; x_wconf 89' lang='grc'><strong>11-22,</strong></span> <span class='ocrx_word' id='word_1_124' title='bbox 641 1999 678 2062; x_wconf 85' lang='lat' dir='ltr'><strong><em>de</em></strong></span> <span class='ocrx_word' id='word_1_125' title='bbox 700 1997 867 2063; x_wconf 86' lang='lat' dir='ltr'><strong><em>miraculis</em></strong></span> <span class='ocrx_word' id='word_1_126' title='bbox 889 1997 1165 2080; x_wconf 85' lang='lat' dir='ltr'><strong><em>Eooriaceusibns,</em></strong></span> 
     </span>
    </p>

    <p class='ocr_par' dir='ltr' id='par_1_7' title="bbox 429 2086 1074 2169">
     <span class='ocr_line' id='line_1_18' title="bbox 429 2086 1074 2169; baseline -0.002 -16"><span class='ocrx_word' id='word_1_127' title='bbox 429 2110 454 2154; x_wconf 90' lang='lat' dir='ltr'><strong><em>c.</em></strong></span> <span class='ocrx_word' id='word_1_128' title='bbox 471 2094 524 2152; x_wconf 89' lang='grc'><strong><em>23.</em></strong></span> <span class='ocrx_word' id='word_1_129' title='bbox 548 2089 585 2152; x_wconf 92' lang='lat' dir='ltr'><strong><em>de</em></strong></span> <span class='ocrx_word' id='word_1_130' title='bbox 607 2086 756 2165; x_wconf 91' lang='lat' dir='ltr'><strong><em>Bertulfo</em></strong></span> <span class='ocrx_word' id='word_1_131' title='bbox 779 2088 890 2152; x_wconf 93' lang='lat' dir='ltr'><strong><em>abbate</em></strong></span> <span class='ocrx_word' id='word_1_132' title='bbox 912 2087 1074 2169; x_wconf 89' lang='lat' dir='ltr'><strong><em>Bobiensi,</em></strong></span> 
     </span>
    </p>

    <p class='ocr_par' dir='ltr' id='par_1_8' title="bbox 322 2174 1492 3853">
     <span class='ocr_line' id='line_1_19' title="bbox 429 2174 1441 2258; baseline -0.002 -16"><span class='ocrx_word' id='word_1_133' title='bbox 429 2198 454 2242; x_wconf 90' lang='lat' dir='ltr'><strong><em>o.</em></strong></span> <span class='ocrx_word' id='word_1_134' title='bbox 472 2181 524 2241; x_wconf 82' lang='lat'><strong><em>24.</em></strong></span> <span class='ocrx_word' id='word_1_135' title='bbox 549 2182 600 2240; x_wconf 85' lang='grc'><strong><em>25.</em></strong></span> <span class='ocrx_word' id='word_1_136' title='bbox 626 2177 664 2240; x_wconf 93' lang='lat' dir='ltr'><strong><em>de</em></strong></span> <span class='ocrx_word' id='word_1_137' title='bbox 686 2174 853 2240; x_wconf 87' lang='lat' dir='ltr'><strong><em>miraculis</em></strong></span> <span class='ocrx_word' id='word_1_138' title='bbox 878 2197 900 2239; x_wconf 91' lang='lat' dir='ltr'><strong><em>a</em></strong></span> <span class='ocrx_word' id='word_1_139' title='bbox 925 2176 1090 2241; x_wconf 86' lang='lat' dir='ltr'><strong><em>monacbis</em></strong></span> <span class='ocrx_word' id='word_1_140' title='bbox 1111 2175 1324 2242; x_wconf 88' lang='lat' dir='ltr'><strong><em>Bobiensibus</em></strong></span> <span class='ocrx_word' id='word_1_141' title='bbox 1343 2175 1441 2258; x_wconf 76' lang='lat' dir='ltr'><strong><em>pestis</em></strong></span> 
     </span>
     <span class='ocr_line' id='line_1_20' title="bbox 322 2263 1441 2347; baseline -0.003 -15"><span class='ocrx_word' id='word_1_142' title='bbox 322 2265 508 2347; x_wconf 89' lang='lat' dir='ltr'><strong><em>disputaret.</em></strong></span> <span class='ocrx_word' id='word_1_143' title='bbox 556 2265 620 2328; x_wconf 81' lang='lat' dir='ltr'><strong><em>Sub</em></strong></span> <span class='ocrx_word' id='word_1_144' title='bbox 644 2263 767 2328; x_wconf 88' lang='lat' dir='ltr'><strong><em>Atbala</em></strong></span> <span class='ocrx_word' id='word_1_145' title='bbox 789 2263 981 2329; x_wconf 89' lang='lat' dir='ltr'><strong><em>monasterio</em></strong></span> <span class='ocrx_word' id='word_1_146' title='bbox 1003 2265 1183 2347; x_wconf 76' lang='lat' dir='ltr'><strong><em>adscriptus</em></strong></span> <span class='ocrx_word' id='word_1_147' title='bbox 1204 2264 1441 2346; x_wconf 86' lang='lat' dir='ltr'><strong><em>ministerioque</em></strong></span> 
     </span>
     <span class='ocr_line' id='line_1_21' title="bbox 323 2350 1487 2436; baseline -0.003 -16"><span class='ocrx_word' id='word_1_148' title='bbox 323 2352 448 2420; x_wconf 89' lang='lat' dir='ltr'><strong><em>abbatis</em></strong></span> <span class='ocrx_word' id='word_1_149' title='bbox 470 2351 639 2417; x_wconf 88' lang='lat' dir='ltr'><strong><em>adiunctus</em></strong></span> <span class='ocrx_word' id='word_1_150' title='bbox 661 2350 827 2416; x_wconf 89' lang='lat' dir='ltr'><strong><em>bistoriam</em></strong></span> <span class='ocrx_word' id='word_1_151' title='bbox 846 2351 1035 2418; x_wconf 88' lang='lat' dir='ltr'><strong><em>Bobiensem</em></strong></span> <span class='ocrx_word' id='word_1_152' title='bbox 1052 2375 1149 2436; x_wconf 87' lang='lat' dir='ltr'><strong><em>usque</em></strong></span> <span class='ocrx_word' id='word_1_153' title='bbox 1172 2356 1217 2419; x_wconf 91' lang='lat' dir='ltr'><strong><em>ad</em></strong></span> <span class='ocrx_word' id='word_1_154' title='bbox 1238 2375 1269 2419; x_wconf 91' lang='lat' dir='ltr'><strong><em>a.</em></strong></span> <span class='ocrx_word' id='word_1_155' title='bbox 1286 2359 1362 2418; x_wconf 82' lang='grc'><strong>628.</strong></span> <span class='ocrx_word' id='word_1_156' title='bbox 1379 2373 1442 2436; x_wconf 89' lang='lat' dir='ltr'><strong><em>per</em></strong></span> <span class='ocrx_word' id='word_1_157' title='bbox 1459 2377 1487 2416; x_wconf 84' lang='lat' dir='ltr'><strong><em>so</em></strong></span> 
     </span>
     <span class='ocr_line' id='line_1_22' title="bbox 323 2440 1441 2526; baseline 0.001 -19"><span class='ocrx_word' id='word_1_158' title='bbox 323 2441 509 2508; x_wconf 79' lang='lat' dir='ltr'><strong><em>decommum</em></strong></span> <span class='ocrx_word' id='word_1_159' title='bbox 539 2440 626 2505; x_wconf 86' lang='lat' dir='ltr'><strong><em>testis</em></strong></span> <span class='ocrx_word' id='word_1_160' title='bbox 655 2440 797 2505; x_wconf 89' lang='lat' dir='ltr'><strong><em>oculatus</em></strong></span> <span class='ocrx_word' id='word_1_161' title='bbox 829 2442 999 2507; x_wconf 88' lang='lat' dir='ltr'><strong><em>memoriae</em></strong></span> <span class='ocrx_word' id='word_1_162' title='bbox 1033 2441 1177 2524; x_wconf 81' lang='lat' dir='ltr'><strong><em>tradidit,</em></strong></span> <span class='ocrx_word' id='word_1_163' title='bbox 1212 2441 1338 2526; x_wconf 79' lang='lat' dir='ltr'><strong><em>ipseque</em></strong></span> <span class='ocrx_word' id='word_1_164' title='bbox 1372 2463 1441 2508; x_wconf 88' lang='lat' dir='ltr'><strong><em>oum</em></strong></span> 
     </span>
     <span class='ocr_line' id='line_1_23' title="bbox 323 2529 1441 2612; baseline -0.002 -16"><span class='ocrx_word' id='word_1_165' title='bbox 323 2531 464 2612; x_wconf 84' lang='lat' dir='ltr'><strong><em>fratrum</em></strong></span> <span class='ocrx_word' id='word_1_166' title='bbox 493 2529 687 2611; x_wconf 90' lang='lat' dir='ltr'><strong><em>reliquorum</em></strong></span> <span class='ocrx_word' id='word_1_167' title='bbox 717 2535 781 2594; x_wconf 93' lang='lat' dir='ltr'><strong><em>tum</em></strong></span> <span class='ocrx_word' id='word_1_168' title='bbox 810 2529 862 2594; x_wconf 85' lang='lat' dir='ltr'><strong><em>sui</em></strong></span> <span class='ocrx_word' id='word_1_169' title='bbox 889 2530 992 2612; x_wconf 78' lang='lat' dir='ltr'><strong><em>ipsius</em></strong></span> <span class='ocrx_word' id='word_1_170' title='bbox 1021 2531 1230 2597; x_wconf 88' lang='lat' dir='ltr'><strong><em>testimouium</em></strong></span> <span class='ocrx_word' id='word_1_171' title='bbox 1263 2533 1308 2597; x_wconf 84' lang='lat' dir='ltr'><strong><em>acl</em></strong></span> <span class='ocrx_word' id='word_1_172' title='bbox 1328 2532 1441 2611; x_wconf 71' lang='lat' dir='ltr'><strong><em>courir-</em></strong></span> 
     </span>
     <span class='ocr_line' id='line_1_24' title="bbox 322 2618 1442 2700; baseline -0.001 -16"><span class='ocrx_word' id='word_1_173' title='bbox 322 2621 444 2685; x_wconf 90' lang='lat' dir='ltr'><strong><em>mouda</em></strong></span> <span class='ocrx_word' id='word_1_174' title='bbox 472 2618 632 2683; x_wconf 88' lang='lat' dir='ltr'><strong><em>miracula</em></strong></span> <span class='ocrx_word' id='word_1_175' title='bbox 658 2619 813 2700; x_wconf 89' lang='lat' dir='ltr'><strong><em>quaedam</em></strong></span> <span class='ocrx_word' id='word_1_176' title='bbox 836 2619 971 2684; x_wconf 57' lang='lat' dir='ltr'><strong><em>attuliti.</em></strong></span> <span class='ocrx_word' id='word_1_177' title='bbox 1025 2620 1179 2687; x_wconf 88' lang='lat' dir='ltr'><strong><em>Ultimam</em></strong></span> <span class='ocrx_word' id='word_1_178' title='bbox 1201 2621 1340 2686; x_wconf 85' lang='lat' dir='ltr'><strong><em>Atbalae</em></strong></span> <span class='ocrx_word' id='word_1_179' title='bbox 1368 2619 1442 2684; x_wconf 89' lang='lat' dir='ltr'><strong><em>oisi-</em></strong></span> 
     </span>
     <span class='ocr_line' id='line_1_25' title="bbox 324 2707 1441 2791; baseline -0.001 -18"><span class='ocrx_word' id='word_1_180' title='bbox 324 2729 413 2774; x_wconf 92' lang='lat' dir='ltr'><strong><em>onem</em></strong></span> <span class='ocrx_word' id='word_1_181' title='bbox 437 2728 499 2790; x_wconf 87' lang='lat' dir='ltr'><strong><em>per</em></strong></span> <span class='ocrx_word' id='word_1_182' title='bbox 521 2707 791 2772; x_wconf 76' lang='lat' dir='ltr'><strong><em>Blidemundum⁵</em></strong></span> <span class='ocrx_word' id='word_1_183' title='bbox 812 2709 1001 2773; x_wconf 90' lang='lat' dir='ltr'><strong><em>monacbum</em></strong></span> <span class='ocrx_word' id='word_1_184' title='bbox 1031 2715 1224 2791; x_wconf 85' lang='lat' dir='ltr'><strong><em>coqnooerat,</em></strong></span> <span class='ocrx_word' id='word_1_185' title='bbox 1255 2709 1441 2774; x_wconf 89' lang='lat' dir='ltr'><strong><em>moribundo</em></strong></span> 
     </span>
     <span class='ocr_line' id='line_1_26' title="bbox 324 2795 1488 2880; baseline -0.003 -17"><span class='ocrx_word' id='word_1_186' title='bbox 324 2803 428 2863; x_wconf 92' lang='lat' dir='ltr'><strong><em>autem</em></strong></span> <span class='ocrx_word' id='word_1_187' title='bbox 451 2795 560 2862; x_wconf 88' lang='lat' dir='ltr'><strong><em>abbati</em></strong></span> <span class='ocrx_word' id='word_1_188' title='bbox 582 2796 648 2879; x_wconf 85' lang='lat' dir='ltr'><strong><em>ipse</em></strong></span> <span class='ocrx_word' id='word_1_189' title='bbox 671 2796 830 2862; x_wconf 88' lang='lat' dir='ltr'><strong><em>adstitisse</em></strong></span> <span class='ocrx_word' id='word_1_190' title='bbox 852 2797 986 2862; x_wconf 84' lang='lat' dir='ltr'><strong><em>uidetur.</em></strong></span> <span class='ocrx_word' id='word_1_191' title='bbox 1033 2798 1138 2863; x_wconf 90' lang='lat' dir='ltr'><strong><em>Plura</em></strong></span> <span class='ocrx_word' id='word_1_192' title='bbox 1163 2797 1281 2880; x_wconf 84' lang='lat' dir='ltr'><strong><em>primis</em></strong></span> <span class='ocrx_word' id='word_1_193' title='bbox 1303 2797 1443 2877; x_wconf 75' lang='lat' dir='ltr'><strong><em>Bertulri</em></strong></span> <span class='ocrx_word' id='word_1_194' title='bbox 1461 2819 1488 2860; x_wconf 79' lang='lat' dir='ltr'><strong><em>ss</em></strong></span> 
     </span>
     <span class='ocr_line' id='line_1_27' title="bbox 325 2885 1443 2969; baseline 0 -19"><span class='ocrx_word' id='word_1_195' title='bbox 325 2886 423 2951; x_wconf 90' lang='lat' dir='ltr'><strong><em>annis</em></strong></span> <span class='ocrx_word' id='word_1_196' title='bbox 444 2885 672 2950; x_wconf 87' lang='lat' dir='ltr'><strong><em>monasterium</em></strong></span> <span class='ocrx_word' id='word_1_197' title='bbox 688 2907 823 2966; x_wconf 88' lang='lat' dir='ltr'><strong><em>passum</em></strong></span> <span class='ocrx_word' id='word_1_198' title='bbox 841 2891 918 2967; x_wconf 90' lang='lat' dir='ltr'><strong><em>erat,</em></strong></span> <span class='ocrx_word' id='word_1_199' title='bbox 942 2886 1084 2969; x_wconf 86' lang='lat' dir='ltr'><strong><em>episcopo</em></strong></span> <span class='ocrx_word' id='word_1_200' title='bbox 1103 2886 1286 2952; x_wconf 87' lang='lat' dir='ltr'><strong><em>dioecesano</em></strong></span> <span class='ocrx_word' id='word_1_201' title='bbox 1304 2885 1443 2951; x_wconf 89' lang='lat' dir='ltr'><strong><em>insidias</em></strong></span> 
     </span>
     <span class='ocr_line' id='line_1_28' title="bbox 324 2975 1442 3059; baseline -0.003 -19"><span class='ocrx_word' id='word_1_202' title='bbox 324 2975 478 3057; x_wconf 89' lang='lat' dir='ltr'><strong><em>moliente,</em></strong></span> <span class='ocrx_word' id='word_1_203' title='bbox 503 2980 649 3040; x_wconf 87' lang='lat' dir='ltr'><strong><em>conatum</em></strong></span> <span class='ocrx_word' id='word_1_204' title='bbox 672 2981 776 3038; x_wconf 90' lang='lat' dir='ltr'><strong><em>autem</em></strong></span> <span class='ocrx_word' id='word_1_205' title='bbox 799 2996 854 3056; x_wconf 86' lang='lat' dir='ltr'><strong><em>ope</em></strong></span> <span class='ocrx_word' id='word_1_206' title='bbox 871 2975 973 3040; x_wconf 89' lang='lat' dir='ltr'><strong><em>Ionae</em></strong></span> <span class='ocrx_word' id='word_1_207' title='bbox 996 2976 1094 3040; x_wconf 89' lang='lat' dir='ltr'><strong><em>abbas</em></strong></span> <span class='ocrx_word' id='word_1_208' title='bbox 1115 2975 1252 3055; x_wconf 83' lang='lat' dir='ltr'><strong><em>feliciter</em></strong></span> <span class='ocrx_word' id='word_1_209' title='bbox 1274 2975 1442 3059; x_wconf 86' lang='lat' dir='ltr'><strong><em>repulerat.</em></strong></span> 
     </span>
     <span class='ocr_line' id='line_1_29' title="bbox 325 3061 1428 3146; baseline -0.004 -16"><span class='ocrx_word' id='word_1_210' title='bbox 325 3065 417 3130; x_wconf 87' lang='lat' dir='ltr'><strong><em>Haeo</em></strong></span> <span class='ocrx_word' id='word_1_211' title='bbox 439 3063 589 3146; x_wconf 85' lang='lat' dir='ltr'><strong><em>acquisiti</em></strong></span> <span class='ocrx_word' id='word_1_212' title='bbox 612 3062 779 3146; x_wconf 85' lang='lat' dir='ltr'><strong><em>priuilcqii</em></strong></span> <span class='ocrx_word' id='word_1_213' title='bbox 803 3062 936 3145; x_wconf 86' lang='lat' dir='ltr'><strong><em>papalis</em></strong></span> <span class='ocrx_word' id='word_1_214' title='bbox 957 3063 1094 3128; x_wconf 89' lang='lat' dir='ltr'><strong><em>bistorio</em></strong></span> <span class='ocrx_word' id='word_1_215' title='bbox 1123 3071 1159 3130; x_wconf 94' lang='lat' dir='ltr'><strong><em>ut</em></strong></span> <span class='ocrx_word' id='word_1_216' title='bbox 1183 3065 1232 3130; x_wconf 87' lang='lat' dir='ltr'><strong><em>rei</em></strong></span> <span class='ocrx_word' id='word_1_217' title='bbox 1255 3061 1428 3130; x_wconf 84' lang='lat' dir='ltr'><strong><em>coenobiol&#39;</em></strong></span> 
     </span>
     <span class='ocr_line' id='line_1_30' title="bbox 325 3152 1444 3236; baseline -0.003 -18"><span class='ocrx_word' id='word_1_218' title='bbox 325 3153 498 3236; x_wconf 88' lang='lat' dir='ltr'><strong><em>coquitioni</em></strong></span> <span class='ocrx_word' id='word_1_219' title='bbox 523 3153 652 3217; x_wconf 90' lang='lat' dir='ltr'><strong><em>multam</em></strong></span> <span class='ocrx_word' id='word_1_220' title='bbox 676 3152 775 3217; x_wconf 89' lang='lat' dir='ltr'><strong><em>lucem</em></strong></span> <span class='ocrx_word' id='word_1_221' title='bbox 797 3152 901 3233; x_wconf 77' lang='lat' dir='ltr'><strong><em>affert,</em></strong></span> <span class='ocrx_word' id='word_1_222' title='bbox 928 3152 977 3218; x_wconf 91' lang='lat' dir='ltr'><strong><em>ita</em></strong></span> <span class='ocrx_word' id='word_1_223' title='bbox 999 3160 1182 3219; x_wconf 87' lang='lat' dir='ltr'><strong><em>accuratam</em></strong></span> <span class='ocrx_word' id='word_1_224' title='bbox 1206 3152 1373 3236; x_wconf 85' lang='lat' dir='ltr'><strong><em>bioqrapbi</em></strong></span> <span class='ocrx_word' id='word_1_225' title='bbox 1395 3153 1444 3216; x_wconf 88' lang='lat' dir='ltr'><strong><em>de-</em></strong></span> 
     </span>
     <span class='ocr_line' id='line_1_31' title="bbox 325 3239 1491 3325; baseline -0.003 -17"><span class='ocrx_word' id='word_1_226' title='bbox 325 3242 527 3325; x_wconf 81' lang='lat' dir='ltr'><strong><em>scriptionem</em></strong></span> <span class='ocrx_word' id='word_1_227' title='bbox 551 3246 738 3324; x_wconf 85' lang='lat' dir='ltr'><strong><em>perqratom</em></strong></span> <span class='ocrx_word' id='word_1_228' title='bbox 768 3240 879 3306; x_wconf 87' lang='lat' dir='ltr'><strong><em>baberi</em></strong></span> <span class='ocrx_word' id='word_1_229' title='bbox 909 3241 1136 3307; x_wconf 83' lang='lat' dir='ltr'><strong><em>caistimamus.</em></strong></span> <span class='ocrx_word' id='word_1_230' title='bbox 1182 3243 1226 3307; x_wconf 92' lang='lat' dir='ltr'><strong><em>In</em></strong></span> <span class='ocrx_word' id='word_1_231' title='bbox 1256 3243 1339 3308; x_wconf 90' lang='lat' dir='ltr'><strong><em>coloe</em></strong></span> <span class='ocrx_word' id='word_1_232' title='bbox 1369 3239 1445 3305; x_wconf 89' lang='lat' dir='ltr'><strong><em>libri</em></strong></span> <span class='ocrx_word' id='word_1_233' title='bbox 1463 3263 1491 3304; x_wconf 85' lang='lat' dir='ltr'><strong><em>so</em></strong></span> 
     </span>
     <span class='ocr_line' id='line_1_32' title="bbox 326 3329 1445 3412; baseline -0.004 -15"><span class='ocrx_word' id='word_1_234' title='bbox 326 3353 396 3398; x_wconf 90' lang='lat' dir='ltr'><strong><em>cum</em></strong></span> <span class='ocrx_word' id='word_1_235' title='bbox 418 3331 557 3412; x_wconf 85' lang='lat' dir='ltr'><strong><em>uirtutes,</em></strong></span> <span class='ocrx_word' id='word_1_236' title='bbox 581 3330 694 3412; x_wconf 87' lang='lat' dir='ltr'><strong><em>quibus</em></strong></span> <span class='ocrx_word' id='word_1_237' title='bbox 715 3331 886 3396; x_wconf 89' lang='lat' dir='ltr'><strong><em>monaebos</em></strong></span> <span class='ocrx_word' id='word_1_238' title='bbox 905 3329 1080 3397; x_wconf 90' lang='lat' dir='ltr'><strong><em>Bobiensos</em></strong></span> <span class='ocrx_word' id='word_1_239' title='bbox 1101 3332 1158 3396; x_wconf 81' lang='lat' dir='ltr'><strong><em>sub</em></strong></span> <span class='ocrx_word' id='word_1_240' title='bbox 1180 3337 1312 3412; x_wconf 86' lang='lat' dir='ltr'><strong><em>utroque</em></strong></span> <span class='ocrx_word' id='word_1_241' title='bbox 1334 3331 1445 3395; x_wconf 89' lang='lat' dir='ltr'><strong><em>abbate</em></strong></span> 
     </span>
     <span class='ocr_line' id='line_1_33' title="bbox 326 3418 1446 3499; baseline -0.003 -14"><span class='ocrx_word' id='word_1_242' title='bbox 326 3421 492 3485; x_wconf 91' lang='lat' dir='ltr'><strong><em>abundare</em></strong></span> <span class='ocrx_word' id='word_1_243' title='bbox 525 3419 657 3498; x_wconf 86' lang='lat' dir='ltr'><strong><em>uiderat,</em></strong></span> <span class='ocrx_word' id='word_1_244' title='bbox 697 3425 762 3483; x_wconf 92' lang='lat' dir='ltr'><strong><em>tum</em></strong></span> <span class='ocrx_word' id='word_1_245' title='bbox 795 3426 947 3484; x_wconf 78' lang='lat' dir='ltr'><strong><em>extremos</em></strong></span> <span class='ocrx_word' id='word_1_246' title='bbox 981 3420 1101 3485; x_wconf 87' lang='lat' dir='ltr'><strong><em>balitus</em></strong></span> <span class='ocrx_word' id='word_1_247' title='bbox 1133 3421 1275 3499; x_wconf 79' lang='lat' dir='ltr'><strong><em>fratrum</em></strong></span> <span class='ocrx_word' id='word_1_248' title='bbox 1309 3418 1446 3498; x_wconf 88' lang='lat' dir='ltr'><strong><em>feliciter</em></strong></span> 
     </span>
     <span class='ocr_line' id='line_1_34' title="bbox 327 3507 1447 3589; baseline -0.001 -17"><span class='ocrx_word' id='word_1_249' title='bbox 327 3507 539 3573; x_wconf 89' lang='lat' dir='ltr'><strong><em>decedentium</em></strong></span> <span class='ocrx_word' id='word_1_250' title='bbox 580 3507 748 3589; x_wconf 86' lang='lat' dir='ltr'><strong><em>diliqcnter</em></strong></span> <span class='ocrx_word' id='word_1_251' title='bbox 785 3507 969 3589; x_wconf 80' lang='lat' dir='ltr'><strong><em>descripsit,·</em></strong></span> <span class='ocrx_word' id='word_1_252' title='bbox 1011 3507 1123 3572; x_wconf 89' lang='lat' dir='ltr'><strong><em>mortis</em></strong></span> <span class='ocrx_word' id='word_1_253' title='bbox 1164 3514 1268 3571; x_wconf 92' lang='lat' dir='ltr'><strong><em>autem</em></strong></span> <span class='ocrx_word' id='word_1_254' title='bbox 1304 3507 1447 3586; x_wconf 77' lang='lat' dir='ltr'><strong><em>Bertulti</em></strong></span> 
     </span>
     <span class='ocr_line' id='line_1_35' title="bbox 326 3593 1448 3677; baseline 0 -17"><span class='ocrx_word' id='word_1_255' title='bbox 326 3595 515 3660; x_wconf 89' lang='lat' dir='ltr'><strong><em>mentionem</em></strong></span> <span class='ocrx_word' id='word_1_256' title='bbox 537 3596 659 3660; x_wconf 91' lang='lat' dir='ltr'><strong><em>nullam</em></strong></span> <span class='ocrx_word' id='word_1_257' title='bbox 681 3595 766 3677; x_wconf 91' lang='lat' dir='ltr'><strong><em>fecit,</em></strong></span> <span class='ocrx_word' id='word_1_258' title='bbox 790 3595 857 3660; x_wconf 91' lang='lat' dir='ltr'><strong><em>nisi</em></strong></span> <span class='ocrx_word' id='word_1_259' title='bbox 878 3596 986 3676; x_wconf 90' lang='lat' dir='ltr'><strong><em>fallor,</em></strong></span> <span class='ocrx_word' id='word_1_260' title='bbox 1010 3595 1088 3676; x_wconf 87' lang='lat' dir='ltr'><strong><em>quia</em></strong></span> <span class='ocrx_word' id='word_1_261' title='bbox 1110 3594 1240 3659; x_wconf 89' lang='lat' dir='ltr'><strong><em>iuterim</em></strong></span> <span class='ocrx_word' id='word_1_262' title='bbox 1261 3593 1299 3657; x_wconf 91' lang='lat' dir='ltr'><strong><em>in</em></strong></span> <span class='ocrx_word' id='word_1_263' title='bbox 1326 3593 1448 3660; x_wconf 78' lang='lat' dir='ltr'><strong><em>Galliis</em></strong></span> 
     </span>
     <span class='ocr_line' id='line_1_36' title="bbox 326 3681 1492 3766; baseline -0.002 -17"><span class='ocrx_word' id='word_1_264' title='bbox 326 3685 515 3766; x_wconf 84' lang='lat' dir='ltr'><strong><em>oaqabatur.</em></strong></span> <span class='ocrx_word' id='word_1_265' title='bbox 550 3683 820 3749; x_wconf 83' lang='lat' dir='ltr'><strong><em>Pretiosissimom</em></strong></span> <span class='ocrx_word' id='word_1_266' title='bbox 835 3685 950 3764; x_wconf 84' lang='lat' dir='ltr'><strong><em>procul</em></strong></span> <span class='ocrx_word' id='word_1_267' title='bbox 968 3683 1062 3748; x_wconf 91' lang='lat' dir='ltr'><strong><em>dubio</em></strong></span> <span class='ocrx_word' id='word_1_268' title='bbox 1078 3682 1154 3746; x_wconf 90' lang='lat' dir='ltr'><strong><em>libri</em></strong></span> <span class='ocrx_word' id='word_1_269' title='bbox 1169 3681 1303 3746; x_wconf 91' lang='lat' dir='ltr'><strong><em>alterius</em></strong></span> <span class='ocrx_word' id='word_1_270' title='bbox 1318 3689 1447 3764; x_wconf 88' lang='lat' dir='ltr'><strong><em>partem</em></strong></span> <span class='ocrx_word' id='word_1_271' title='bbox 1466 3707 1492 3747; x_wconf 78' lang='lat' dir='ltr'><strong><em>ss</em></strong></span> 
     </span>
     <span class='ocr_line' id='line_1_37' title="bbox 327 3771 1447 3853; baseline 0 -17"><span class='ocrx_word' id='word_1_272' title='bbox 327 3771 464 3836; x_wconf 79' lang='lat' dir='ltr'><strong><em>historio</em></strong></span> <span class='ocrx_word' id='word_1_273' title='bbox 486 3772 635 3837; x_wconf 86' lang='lat' dir='ltr'><strong><em>Eustasii</em></strong></span> <span class='ocrx_word' id='word_1_274' title='bbox 656 3773 766 3853; x_wconf 79' lang='lat' dir='ltr'><strong><em>efficit.</em></strong></span> <span class='ocrx_word' id='word_1_275' title='bbox 813 3772 905 3836; x_wconf 89' lang='lat' dir='ltr'><strong><em>Haeo</em></strong></span> <span class='ocrx_word' id='word_1_276' title='bbox 928 3793 949 3836; x_wconf 92' lang='lat' dir='ltr'><strong><em>a</em></strong></span> <span class='ocrx_word' id='word_1_277' title='bbox 971 3771 1239 3852; x_wconf 85' lang='lat' dir='ltr'><strong><em>Burquudofara,</em></strong></span> <span class='ocrx_word' id='word_1_278' title='bbox 1263 3773 1301 3835; x_wconf 89' lang='lat' dir='ltr'><strong><em>de</em></strong></span> <span class='ocrx_word' id='word_1_279' title='bbox 1323 3791 1387 3853; x_wconf 89' lang='lat' dir='ltr'><strong><em>qua</em></strong></span> <span class='ocrx_word' id='word_1_280' title='bbox 1409 3771 1447 3836; x_wconf 93' lang='lat' dir='ltr'><strong><em>iu</em></strong></span> 
     </span>
    </p>
   </div>
   <div class='ocr_carea' id='block_1_3' title="bbox 323 3859 1506 4298">
    <p class='ocr_par' dir='ltr' id='par_1_9' title="bbox 323 3859 1506 4298">
     <span class='ocr_line' id='line_1_38' title="bbox 328 3859 1506 3946; baseline -0.003 -20"><span class='ocrx_word' id='word_1_281' title='bbox 328 3860 584 3941; x_wconf 88' lang='lat' dir='ltr'><strong><em>subsequentibus</em></strong></span> <span class='ocrx_word' id='word_1_282' title='bbox 606 3883 639 3926; x_wconf 91' lang='lat' dir='ltr'><strong><em>sc</em></strong></span> <span class='ocrx_word' id='word_1_283' title='bbox 661 3867 873 3925; x_wconf 91' lang='lat' dir='ltr'><strong><em>narraturum</em></strong></span> <span class='ocrx_word' id='word_1_284' title='bbox 895 3881 960 3924; x_wconf 91' lang='lat' dir='ltr'><strong><em>esse</em></strong></span> <span class='ocrx_word' id='word_1_285' title='bbox 990 3865 1099 3925; x_wconf 92' lang='lat' dir='ltr'><strong><em>auctor</em></strong></span> <span class='ocrx_word' id='word_1_286' title='bbox 1122 3859 1152 3941; x_wconf 86' lang='lat' dir='ltr'><strong><em>I,</em></strong></span> <span class='ocrx_word' id='word_1_287' title='bbox 1170 3866 1222 3924; x_wconf 89' lang='grc'><strong><em>26.</em></strong></span> <span class='ocrx_word' id='word_1_288' title='bbox 1242 3859 1445 3942; x_wconf 82' lang='lat' dir='ltr'><strong><em>promiserat,</em></strong></span> <span class='ocrx_word' id='word_1_289' title='bbox 1494 3927 1506 3946; x_wconf 38' lang='lat'>⁸</span> 
     </span>
     <span class='ocr_line' id='line_1_39' title="bbox 328 3947 1447 4031; baseline -0.003 -16"><span class='ocrx_word' id='word_1_290' title='bbox 328 3956 358 4015; x_wconf 90' lang='lat' dir='ltr'><strong><em>et</em></strong></span> <span class='ocrx_word' id='word_1_291' title='bbox 379 3951 419 4014; x_wconf 94' lang='lat' dir='ltr'><strong><em>ab</em></strong></span> <span class='ocrx_word' id='word_1_292' title='bbox 443 3948 567 4031; x_wconf 78' lang='lat' dir='ltr'><strong><em>oripine</em></strong></span> <span class='ocrx_word' id='word_1_293' title='bbox 589 3948 776 4014; x_wconf 89' lang='lat' dir='ltr'><strong><em>monosterii</em></strong></span> <span class='ocrx_word' id='word_1_294' title='bbox 798 3947 1026 4013; x_wconf 86' lang='lat' dir='ltr'><strong><em>Eoorioceusis</em></strong></span> <span class='ocrx_word' id='word_1_295' title='bbox 1047 3947 1180 4030; x_wconf 62' lang='lat' dir='ltr'><strong><em>incipit·</em></strong></span> <span class='ocrx_word' id='word_1_296' title='bbox 1203 3955 1376 4031; x_wconf 89' lang='lat' dir='ltr'><strong><em>sequuntur</em></strong></span> <span class='ocrx_word' id='word_1_297' title='bbox 1397 3968 1447 4013; x_wconf 81' lang='lat' dir='ltr'><strong><em>ca·</em></strong></span> 
     </span>
     <span class='ocr_line' id='line_1_40' title="bbox 323 4036 1448 4122; baseline -0.002 -18"><span class='ocrx_word' id='word_1_298' title='bbox 323 4038 502 4122; x_wconf 85' lang='lat' dir='ltr'><strong><em>peditiones</em></strong></span> <span class='ocrx_word' id='word_1_299' title='bbox 524 4041 569 4103; x_wconf 91' lang='lat' dir='ltr'><strong><em>ad</em></strong></span> <span class='ocrx_word' id='word_1_300' title='bbox 591 4038 837 4120; x_wconf 85' lang='lat' dir='ltr'><strong><em>propaqaudam</em></strong></span> <span class='ocrx_word' id='word_1_301' title='bbox 860 4037 955 4117; x_wconf 71' lang='lat' dir='ltr'><strong><em>fidem</em></strong></span> <span class='ocrx_word' id='word_1_302' title='bbox 978 4036 1190 4103; x_wconf 79' lang='lat' dir='ltr'><strong><em>christianam</em></strong></span> <span class='ocrx_word' id='word_1_303' title='bbox 1212 4038 1249 4102; x_wconf 89' lang='lat' dir='ltr'><strong><em>iu</em></strong></span> <span class='ocrx_word' id='word_1_304' title='bbox 1270 4036 1448 4104; x_wconf 88' lang='lat' dir='ltr'><strong><em>Baioarios</em></strong></span> 
     </span>
     <span class='ocr_line' id='line_1_41' title="bbox 329 4124 1494 4211; baseline -0.004 -17"><span class='ocrx_word' id='word_1_305' title='bbox 329 4128 473 4211; x_wconf 87' lang='lat' dir='ltr'><strong><em>aliasque</em></strong></span> <span class='ocrx_word' id='word_1_306' title='bbox 493 4132 600 4208; x_wconf 83' lang='lat' dir='ltr'><strong><em>qeutcs</em></strong></span> <span class='ocrx_word' id='word_1_307' title='bbox 618 4127 743 4207; x_wconf 90' lang='lat' dir='ltr'><strong><em>factae,·</em></strong></span> <span class='ocrx_word' id='word_1_308' title='bbox 766 4124 899 4207; x_wconf 88' lang='lat' dir='ltr'><strong><em>denique</em></strong></span> <span class='ocrx_word' id='word_1_309' title='bbox 917 4125 1095 4192; x_wconf 87' lang='lat' dir='ltr'><strong><em>discordiae</em></strong></span> <span class='ocrx_word' id='word_1_310' title='bbox 1110 4126 1324 4209; x_wconf 84' lang='lat' dir='ltr'><strong><em>Aqrestiauae</em></strong></span> <span class='ocrx_word' id='word_1_311' title='bbox 1342 4124 1449 4206; x_wconf 90' lang='lat' dir='ltr'><strong><em>fusius</em></strong></span> <span class='ocrx_word' id='word_1_312' title='bbox 1465 4151 1494 4190; x_wconf 77' lang='lat' dir='ltr'><strong><em>co</em></strong></span> 
     </span>
     <span class='ocr_line' id='line_1_42' title="bbox 328 4211 1446 4298; baseline -0.004 -16"><span class='ocrx_word' id='word_1_313' title='bbox 328 4218 457 4282; x_wconf 88' lang='lat' dir='ltr'><strong><em>relatae.</em></strong></span> <span class='ocrx_word' id='word_1_314' title='bbox 505 4214 627 4298; x_wconf 76' lang='lat' dir='ltr'><strong><em>Synodi</em></strong></span> <span class='ocrx_word' id='word_1_315' title='bbox 650 4213 739 4278; x_wconf 90' lang='lat' dir='ltr'><strong><em>illius</em></strong></span> <span class='ocrx_word' id='word_1_316' title='bbox 761 4213 979 4280; x_wconf 88' lang='lat' dir='ltr'><strong><em>celeberrimae</em></strong></span> <span class='ocrx_word' id='word_1_317' title='bbox 1001 4214 1254 4282; x_wconf 87' lang='lat' dir='ltr'><strong><em>Matiscouensis</em></strong></span> <span class='ocrx_word' id='word_1_318' title='bbox 1283 4239 1313 4282; x_wconf 92' lang='lat' dir='ltr'><strong><em>a.</em></strong></span> <span class='ocrx_word' id='word_1_319' title='bbox 1335 4211 1446 4296; x_wconf 81' lang='lat' dir='ltr'><strong><em>626f7,</em></strong></span> 
     </span>
    </p>
   </div>
   <div class='ocr_carea' id='block_1_4' title="bbox 329 4387 1447 4529">
    <p class='ocr_par' dir='ltr' id='par_1_10' title="bbox 329 4387 1447 4529">
     <span class='ocr_line' id='line_1_43' title="bbox 330 4387 1447 4460; baseline -0.003 -13"><span class='ocrx_word' id='word_1_320' title='bbox 330 4391 357 4460; x_wconf 92' lang='lat'><strong><em>1)</em></strong></span> <span class='ocrx_word' id='word_1_321' title='bbox 379 4390 410 4445; x_wconf 83' lang='lat' dir='ltr'><strong><em>r.</em></strong></span> <span class='ocrx_word' id='word_1_322' title='bbox 430 4389 545 4445; x_wconf 79' lang='lat' dir='ltr'><strong><em>cauma.</em></strong></span> <span class='ocrx_word' id='word_1_323' title='bbox 563 4389 626 4457; x_wconf 68' lang='lat' dir='ltr'><strong><em>qo.</em></strong></span> <span class='ocrx_word' id='word_1_324' title='bbox 647 4392 689 4445; x_wconf 83' lang='lat'><strong><em>19.</em></strong></span> <span class='ocrx_word' id='word_1_325' title='bbox 761 4387 789 4458; x_wconf 79' lang='lat' dir='ltr'><strong><em>e)</em></strong></span> <span class='ocrx_word' id='word_1_326' title='bbox 809 4389 951 4455; x_wconf 60' lang='grc' dir='ltr'><strong><em>[ων.</em></strong></span> <span class='ocrx_word' id='word_1_327' title='bbox 971 4393 1013 4446; x_wconf 83' lang='lat' dir='ltr'><strong><em>es.</em></strong></span> <span class='ocrx_word' id='word_1_328' title='bbox 1085 4390 1278 4459; x_wconf 82' lang='lat' dir='ltr'><strong><em>s)1e.1‚1r.</em></strong></span> <span class='ocrx_word' id='word_1_329' title='bbox 1350 4388 1447 4459; x_wconf 81' lang='lat' dir='ltr'><strong><em>4)1o.</em></strong></span> 
     </span>
     <span class='ocr_line' id='line_1_44' title="bbox 329 4460 668 4529; baseline 0.009 -15"><span class='ocrx_word' id='word_1_330' title='bbox 329 4462 369 4529; x_wconf 84' lang='lat'><strong><em>11,</em></strong></span> <span class='ocrx_word' id='word_1_331' title='bbox 382 4465 408 4516; x_wconf 82' lang='lat'><strong><em>2.</em></strong></span> <span class='ocrx_word' id='word_1_332' title='bbox 480 4462 508 4527; x_wconf 82' lang='lat' dir='ltr'><strong><em>s)</em></strong></span> <span class='ocrx_word' id='word_1_333' title='bbox 529 4460 668 4526; x_wconf 78' lang='lat' dir='ltr'><strong><em>1a.11‚s.</em></strong></span> 
     </span>
    </p>
   </div>
   <div class='ocr_carea' id='block_1_5' title="bbox 0 0 1640 5030">
    <p class='ocr_par' dir='ltr' id='par_1_11' title="bbox 0 0 1640 5030">
     <span class='ocr_line' id='line_1_45' title="bbox 0 0 1640 5030; baseline 0 0"><span class='ocrx_word' id='word_1_334' title='bbox 0 0 1640 5030; x_wconf 95' lang='lat' dir='ltr'><strong><em> </em></strong></span> 
     </span>
    </p>
   </div>
  </div>
 </body>
</html>
