3226 5034
281 441 335 495 306
521 437 646 508 IONAS,
661 437 757 492 VITA
771 437 959 494 VEDASTIS
978 437 1158 494 EPISOOPI.

281 641 373 686 sunm
394 620 539 704 pentibus
562 620 734 685 timendum
757 620 927 702 demiserit,
950 643 1017 686 rem
1039 621 1187 688 ecclesiae
1209 621 1402 688 Gallicanae

282 730 381 792 neque
409 709 507 775 unius
536 709 676 775 ciuitatis
702 715 777 775 tunc
799 716 903 776 actam
925 731 991 776 esse
1012 710 1219 790 manifestum
1241 717 1287 775 est
1308 717 1402 792 atque

281 797 334 863 ius
356 798 492 881 episcopi
515 799 576 864 toci
597 799 743 864 illaesum
766 820 895 864 manae
917 800 1052 881 debebat,
1076 821 1131 865 seu
1150 799 1329 864 Turonensi
1345 821 1402 864 seu

282 887 433 953 Remenu
455 909 510 953 seu
533 887 619 953 alius
641 887 779 953 ciuitatis
797 887 980 970 baptisterio
1002 891 1181 954 utebantur.
1225 887 1402 970 Greporius

281 997 395 1042 nomen
429 977 489 1042 laci
522 976 652 1042 omnino
682 976 943 1061 praetermittens
976 977 1198 1057 diffinitatcm
1231 977 1442 1057 manifestos

281 1065 419 1131 evitavit.
470 1068 561 1148 Quod
581 1066 612 1130 si
633 1067 778 1131 Turonos
800 1066 1025 1147 anteposueris,
1056 1065 1216 1132 silentium
1240 1066 1309 1131 eius
1331 1088 1401 1131 con·

282 1157 451 1221 tenderunt
465 1155 621 1237 explicari
635 1177 701 1220 non
712 1176 826 1236 possa·
847 1156 903 1220 secl
916 1155 947 1220 si
962 1155 1086 1237 Rernos,
1110 1156 1209 1220 altum
1223 1154 1403 1220 vetustioris

283 1243 453 1329 bioprapbi
465 1244 605 1327 Retuipii
619 1244 781 1310 silentium
796 1245 901 1309 eodem
915 1245 1005 1308 mado
1020 1241 1244 1328 inexplicabile
1260 1250 1312 1324 est,
1329 1243 1403 1308 etsi

283 1355 315 1397 a.
329 1340 404 1397 496.
418 1333 608 1418 baptismum
622 1332 816 1414 attribuens,
832 1332 894 1397 iter
905 1332 1112 1400 Oblcdocecbi
1123 1332 1299 1415 Greporius
1308 1353 1403 1414 prae·

283 1421 454 1487 termisisse
466 1421 664 1488 conuincitur
675 1424 720 1487 acl
730 1423 847 1502 urbem,
864 1421 916 1487 cui
930 1421 1000 1506 ipse
1009 1428 1121 1504 postea
1129 1427 1292 1504 praeerat.
1316 1421 1404 1486 Eam
1423 1449 1452 1487 10

283 1516 388 1575 autem
410 1531 505 1592 quam
528 1514 566 1577 de
588 1510 741 1592 baptismo
763 1510 931 1576 enarravit
947 1510 1115 1576 historiam
1133 1533 1204 1575 curn
1222 1510 1405 1576 auctoribus

284 1599 471 1680 aequalibus
499 1606 717 1684 comparatam
748 1598 867 1680 apertis
897 1599 1059 1664 erroribus
1089 1600 1236 1664 laborare
1265 1598 1405 1664 mdimns

283 1709 383 1770 neque
406 1689 545 1754 auctoris
563 1691 643 1769 fides
661 1687 791 1753 savari
803 1693 931 1770 poterat
945 1687 1011 1753 nisi
1026 1688 1193 1771 inpenicsa
1214 1689 1253 1754 G.
1271 1688 1404 1752 Kurtb1

283 1776 472 1858 coniectura,
497 1777 614 1843 scilicet
630 1777 735 1859 ipsum
751 1799 821 1842 curn
836 1776 906 1841 alia
921 1783 986 1841 tum
1000 1778 1078 1842 baec
1093 1780 1138 1843 acl
1157 1777 1405 1843 Oblodcceebum

283 1867 459 1946 spectantia
481 1888 520 1931 ea
543 1867 618 1931 Vita
636 1864 777 1949 Bemipii
795 1866 891 1931 multo
914 1865 1068 1948 ampliore
1091 1887 1186 1946 quam
1208 1887 1290 1947 quae
1311 1865 1406 1930 bodie
1424 1891 1450 1930 a

284 1960 370 2020 eutat
391 1955 626 2038 deprompsisse.
665 1956 721 2020 Ita
742 1954 897 2037 Greporio
915 1975 971 2019 suc
993 1955 1138 2034 fabuloso
1160 1955 1406 2034 piendamentum

278 2044 426 2126 parauit,
462 2066 522 2126 qno
556 2044 720 2109 enarratio
758 2044 848 2108 illins
885 2044 946 2108 bac
983 2043 1019 2108 in
1051 2049 1149 2128 parte
1186 2050 1260 2109 ante
1297 2043 1404 2130 ipsum

284 2134 419 2198 carebat.
465 2135 570 2216 Atque
592 2134 676 2198 banc
699 2133 910 2198 coniecturam
939 2140 1004 2197 tarn
1030 2132 1241 2214 pertinaciter
1263 2132 1403 2211 retinnit,

285 2221 518 2302 obloquentibus
547 2222 691 2287 omnibus
720 2221 769 2286 rei
799 2221 916 2305 peritis
925 2224 946 2303 2,
981 2229 1017 2286 ut
1044 2222 1141 2302 facile
1172 2222 1329 2286 intellectu
1351 2221 1402 2301 sit,

284 2330 380 2390 quam
403 2312 570 2392 desperata
592 2332 644 2376 res
666 2310 768 2392 ipsius
790 2317 875 2391 esset,
899 2310 929 2374 si
952 2333 1022 2376 earn
1045 2310 1237 2376 dimissurus
1259 2311 1351 2390 foret.
1424 2335 1452 2373 20

393 2418 551 2482 Stanclum
573 2417 674 2500 ipitar
697 2417 800 2482 estin
822 2417 899 2482 urbe
918 2416 1098 2482 Turoneusi
1114 2423 1206 2499 atque
1228 2416 1265 2480 in
1283 2415 1404 2482 Nicetii

285 2505 480 2587 auctoritate,
519 2528 580 2588 quc
617 2506 767 2571 uetustior
801 2509 838 2570 de
872 2505 1021 2587 baptismi
1055 2507 1119 2572 loco
1154 2512 1264 2571 auctor
1298 2506 1404 2570 nullus

285 2593 451 2675 reperitur,
482 2595 596 2676 quique
619 2595 676 2660 boc
704 2595 807 2676 ipsius
829 2593 1040 2658 testimonium
1063 2594 1259 2676 arpumentis
1281 2594 1405 2677 quibus-

285 2682 359 2747 libet
381 2683 538 2766 abrepere
560 2683 623 2748 sibi
645 2683 801 2764 uidentur,
825 2682 869 2747 iis
886 2684 1060 2763 praeclara
1082 2683 1147 2748 ciri
1169 2704 1277 2749 rerum
1297 2684 1404 2748 Mero-

285 2770 497 2853 ninpicarum
519 2773 678 2854 usquead
698 2778 841 2836 nostrum
860 2793 970 2837 meum
988 2771 1191 2837 scientissimi
1212 2774 1308 2838 rerba
1331 2778 1405 2838 ante
1425 2796 1453 2835 ss

286 2861 389 2925 oculos
398 2882 519 2942 ponere
535 2861 608 2926 libet
622 2861 699 2927 baec
709 2863 732 2926 ³:
747 2862 916 2945 Equidem
935 2863 992 2926 vix
1011 2863 1216 2927 crediderim
1228 2863 1404 2928 Nicetium

286 2951 460 3016 hominem
489 2955 610 3016 tantae
640 2952 846 3036 prudentiae
877 2971 916 3015 ae
947 2953 1137 3034 dignitatis,
1169 2953 1228 3034 qui
1258 2951 1404 3016 chlodo-

285 3060 387 3103 veum
409 3041 527 3106 videre
551 3062 636 3125 puer
659 3040 784 3126 potuit,
810 3045 845 3104 et
868 3040 929 3104 ubi
953 3041 1147 3126 baptizatus
1170 3041 1294 3105 fuisset
1318 3041 1404 3104 scire

285 3149 354 3192 non
379 3130 490 3193 solum
514 3131 646 3208 debuit,
672 3132 732 3195 sed
756 3131 861 3194 etiam
880 3129 995 3194 videre
1014 3129 1134 3206 voluit,
1160 3151 1238 3193 oum
1258 3129 1405 3194 chlodo-

285 3339 312 3404 1)
333 3338 745 3406 o.Kuunt.c.11,p.236·².
813 3340 841 3406 2)
862 3339 918 3390 Eos
936 3355 1092 3391 enumerare
1110 3339 1217 3405 lonpum
1235 3346 1280 3392 est.
1311 3337 1405 3390 Etiam
1425 3347 1454 3386 eo

289 3409 320 3462 V.
339 3408 459 3462 Severini
477 3411 653 3472 Acannensis,
678 3426 759 3477 quam
784 3427 838 3462 non
855 3411 941 3462 sctum
960 3410 1141 3461 Bollandiani
1164 3417 1189 3461 et
1207 3411 1240 3463 A.
1261 3410 1330 3474 Girp
1355 3410 1403 3474 (of.

285 3481 343 3534 Scr.
356 3497 410 3534 rer.
424 3481 523 3535 Merca.
533 3482 588 3546 III,
598 3498 628 3547 p.
640 3483 705 3541 685)
717 3497 815 3533 meeum
828 3482 1052 3548 improbaverant,
1065 3482 1110 3532 sed
1121 3484 1202 3533 etiam
1214 3481 1246 3534 L.
1259 3481 1404 3546 Ducbcsue,

285 3550 396 3602 ‘Fastis'
409 3552 452 3619 II,
476 3569 505 3617 p.
518 3555 580 3617 479,
605 3556 635 3602 in
660 3553 771 3604 dubium
795 3558 932 3603 vocaverat
950 3559 1029 3618 atque
1047 3553 1074 3606 G.
1088 3553 1205 3618 Narbey,
1226 3551 1405 3620 ‘Supplemeut

284 3638 343 3673 ana
356 3623 544 3675 Bollanclistes'
552 3625 576 3688 I,
584 3640 614 3689 p.
625 3622 704 3688 VIII,
717 3623 756 3688 II,
765 3640 794 3689 p.
806 3626 830 3688 1,
844 3625 888 3675 uir
899 3639 992 3675 rerum
1003 3639 1134 3675 nouarum
1146 3639 1210 3674 sane
1222 3625 1326 3675 alienus
1334 3639 1405 3691 pure

285 3693 375 3758 fictam
398 3695 624 3755 conderrruacerat,
650 3695 717 3746 rilem
743 3697 786 3745 cir
803 3697 994 3759 sapacissimus
1014 3695 1047 3748 G.
1060 3695 1154 3746 Kurtlt
1172 3695 1189 3746 t.
1208 3696 1226 3748 l.
1246 3695 1285 3758 II,
1299 3711 1329 3760 p.
1343 3697 1404 3758 267,
1425 3701 1453 3740 ³⁶

284 3765 424 3828 &scudem
442 3781 526 3817 ausus
538 3773 583 3831 est,
597 3766 723 3831 fraudem
735 3767 936 3818 obstinatissime
948 3781 1056 3832 nepans.
1084 3765 1129 3816 Ea
1140 3781 1208 3832 quae
1219 3766 1250 3816 de
1262 3768 1405 3818 recentiore

290 3836 319 3890 V.
340 3837 484 3901 Genooesoe
502 3840 606 3903 oripine
624 3838 687 3888 olim
705 3843 867 3888 oaumsserat
885 3838 978 3888 omnia
1001 3839 1057 3888 iam
1075 3839 1210 3899 reuocauit,
1236 3838 1345 3899 fortier
1362 3853 1405 3889 re-

285 3913 405 3959 trorsum
430 3909 534 3960 rediens
558 3910 719 3960 animalium
743 3908 913 3973 quorundam
937 3909 1061 3974 exemplo.
1100 3907 1175 3970 Quod
1197 3909 1302 3972 famam
1319 3924 1405 3960 meam

284 3981 364 4045 praei
382 3980 526 4046 opprobrio
547 3981 597 4031 tac
616 3981 749 4031 occasione
774 3979 925 4045 temptabat,
951 3981 1031 4045 quasi
1047 3985 1206 4045 argumenta
1223 3982 1340 4032 canoris
1359 3979 1403 4031 ob-

284 4050 367 4116 soleti,
385 4067 460 4116 quem
479 4065 519 4101 me
536 4067 590 4104 nan
608 4054 755 4116 ipncrasse,
776 4051 821 4102 sed
839 4051 958 4102 consulto
973 4052 1146 4118 praeteriisse
1163 4053 1324 4118 scripseram
1342 4051 1403 4115 (SS.
1423 4057 1452 4095 40

285 4136 339 4176 rer.
359 4123 458 4176 Mercu.
478 4122 534 4188 III,
555 4124 630 4188 686),
658 4121 751 4172 ‘tacite'
770 4123 922 4187 depromere
946 4121 1104 4187 cledipuatus
1129 4138 1183 4174 uon
1201 4138 1291 4185 asem,
1315 4124 1405 4174 uirum

286 4193 408 4259 alioquin
425 4208 480 4244 non
498 4193 687 4259 inhumanum,
713 4193 823 4260 reliquis
840 4192 969 4244 subsidiis
986 4193 1172 4256 deficentibus,
1199 4194 1236 4244 ad
1253 4194 1405 4245 calumnias

285 4267 436 4330 contupisse
459 4270 575 4318 statuere
599 4265 691 4329 nolim,
718 4265 763 4316 scd
786 4265 818 4316 de
843 4266 932 4316 tacitis
956 4265 1086 4316 eiusnodi
1109 4266 1207 4316 studiis
1231 4265 1405 4318 aduersarius

285 4351 358 4386 meus
381 4352 483 4402 parum
508 4338 605 4388 tacitus
629 4338 708 4387 tacite
732 4336 837 4402 quidem
855 4351 909 4387 non
926 4335 995 4386 idem
1017 4337 1114 4387 sentire
1132 4336 1236 4387 uicinus
1254 4343 1332 4404 atque
1350 4352 1404 4403 epo.

285 4405 313 4470 3)
334 4406 463 4473 Valesius,
484 4407 535 4460 Res
553 4407 700 4459 Francicae
718 4408 742 4471 I,
759 4423 788 4472 p.
801 4408 864 4461 262.
1422 4411 1451 4450 tt
