<?xml version="1.0" encoding="UTF-8"?>
<!DOCTYPE html PUBLIC "-//W3C//DTD XHTML 1.0 Transitional//EN"
    "http://www.w3.org/TR/xhtml1/DTD/xhtml1-transitional.dtd">
<html xmlns="http://www.w3.org/1999/xhtml" xml:lang="en" lang="en">
 <head>
  <title>
</title>
<meta http-equiv="Content-Type" content="text/html;charset=utf-8" />
  <meta name='ocr-system' content='tesseract 3.04.00' />
  <meta name='ocr-capabilities' content='ocr_page ocr_carea ocr_par ocr_line ocrx_word'/>
</head>
<body>
  <div class='ocr_page' id='page_1' title='image "./ionaevitaesanct00krusgoog_0318.png"; bbox 0 0 3226 5034; ppageno 0'>
   <div class='ocr_carea' id='block_1_1' title="bbox 292 473 1169 543">
    <p class='ocr_par' dir='ltr' id='par_1_1' title="bbox 292 473 1169 543">
     <span class='ocr_line' id='line_1_1' title="bbox 292 473 1169 543; baseline -0.003 -11"><span class='ocrx_word' id='word_1_1' title='bbox 292 479 346 532; x_wconf 85' lang='grc'><strong><em>302</em></strong></span> <span class='ocrx_word' id='word_1_2' title='bbox 534 473 659 543; x_wconf 79' lang='lat' dir='ltr'><strong><em>IONAS,</em></strong></span> <span class='ocrx_word' id='word_1_3' title='bbox 672 473 768 530; x_wconf 78' lang='lat' dir='ltr'><strong>VITA</strong></span> <span class='ocrx_word' id='word_1_4' title='bbox 780 473 969 528; x_wconf 76' lang='lat' dir='ltr'><strong><em>voDASTIS</em></strong></span> <span class='ocrx_word' id='word_1_5' title='bbox 987 473 1169 529; x_wconf 80' lang='lat' dir='ltr'>EPISOOPI.</span> 
     </span>
    </p>
   </div>
   <div class='ocr_carea' id='block_1_2' title="bbox 287 655 1458 3403">
    <p class='ocr_par' dir='ltr' id='par_1_2' title="bbox 292 655 1409 915">
     <span class='ocr_line' id='line_1_2' title="bbox 293 655 1408 737; baseline -0.003 -16"><span class='ocrx_word' id='word_1_6' title='bbox 293 657 430 722; x_wconf 77' lang='lat' dir='ltr'><strong><em>Interim</em></strong></span> <span class='ocrx_word' id='word_1_7' title='bbox 460 657 498 721; x_wconf 88' lang='lat' dir='ltr'><strong><em>de</em></strong></span> <span class='ocrx_word' id='word_1_8' title='bbox 527 663 636 722; x_wconf 89' lang='lat' dir='ltr'><strong><em>sancto</em></strong></span> <span class='ocrx_word' id='word_1_9' title='bbox 665 655 721 720; x_wconf 91' lang='lat' dir='ltr'><strong><em>illo</em></strong></span> <span class='ocrx_word' id='word_1_10' title='bbox 750 678 819 720; x_wconf 90' lang='lat' dir='ltr'><strong><em>oum</em></strong></span> <span class='ocrx_word' id='word_1_11' title='bbox 842 657 881 721; x_wconf 94' lang='lat' dir='ltr'><strong><em>ab</em></strong></span> <span class='ocrx_word' id='word_1_12' title='bbox 905 655 1141 737; x_wconf 74' lang='lat' dir='ltr'><strong><em>antiquioribus</em></strong></span> <span class='ocrx_word' id='word_1_13' title='bbox 1163 655 1219 720; x_wconf 84' lang='lat' dir='ltr'><strong><em>oin</em></strong></span> <span class='ocrx_word' id='word_1_14' title='bbox 1240 655 1408 736; x_wconf 92' lang='lat' dir='ltr'><strong><em>quicquam</em></strong></span> 
     </span>
     <span class='ocr_line' id='line_1_3' title="bbox 292 744 1409 828; baseline -0.002 -18"><span class='ocrx_word' id='word_1_15' title='bbox 292 745 513 826; x_wconf 81' lang='lat' dir='ltr'><strong><em>acceperimus,</em></strong></span> <span class='ocrx_word' id='word_1_16' title='bbox 548 747 592 810; x_wconf 89' lang='lat' dir='ltr'><strong><em>ad</em></strong></span> <span class='ocrx_word' id='word_1_17' title='bbox 622 745 830 828; x_wconf 80' lang='lat' dir='ltr'><strong><em>bioqrapbum</em></strong></span> <span class='ocrx_word' id='word_1_18' title='bbox 859 766 980 826; x_wconf 78' lang='lat' dir='ltr'><strong><em>semper</em></strong></span> <span class='ocrx_word' id='word_1_19' title='bbox 1002 746 1229 809; x_wconf 81' lang='lat' dir='ltr'><strong><em>reucrrcndum</em></strong></span> <span class='ocrx_word' id='word_1_20' title='bbox 1258 744 1337 826; x_wconf 90' lang='lat' dir='ltr'><strong><em>erit,·</em></strong></span> <span class='ocrx_word' id='word_1_21' title='bbox 1370 746 1409 809; x_wconf 87' lang='lat' dir='ltr'><strong><em>de</em></strong></span> 
     </span>
     <span class='ocr_line' id='line_1_4' title="bbox 297 833 1241 915; baseline -0.002 -16"><span class='ocrx_word' id='word_1_22' title='bbox 297 833 505 900; x_wconf 82' lang='lat' dir='ltr'><strong><em>Oblodooeclu&#39;</em></strong></span> <span class='ocrx_word' id='word_1_23' title='bbox 526 854 599 899; x_wconf 87' lang='lat' dir='ltr'><strong><em>uero</em></strong></span> <span class='ocrx_word' id='word_1_24' title='bbox 621 833 756 900; x_wconf 87' lang='lat' dir='ltr'><strong><em>bistoria</em></strong></span> <span class='ocrx_word' id='word_1_25' title='bbox 779 855 885 898; x_wconf 89' lang='lat' dir='ltr'><strong><em>resse</em></strong></span> <span class='ocrx_word' id='word_1_26' title='bbox 908 834 998 915; x_wconf 81' lang='lat' dir='ltr'><strong><em>louqe</em></strong></span> <span class='ocrx_word' id='word_1_27' title='bbox 1024 833 1118 897; x_wconf 86' lang='lat' dir='ltr'><strong><em>aliter</em></strong></span> <span class='ocrx_word' id='word_1_28' title='bbox 1140 833 1241 897; x_wconf 83' lang='lat' dir='ltr'><strong><em>labet.</em></strong></span> 
     </span>
    </p>

    <p class='ocr_par' dir='ltr' id='par_1_3' title="bbox 287 921 1458 2604">
     <span class='ocr_line' id='line_1_5' title="bbox 398 921 1408 1004; baseline -0.001 -17"><span class='ocrx_word' id='word_1_29' title='bbox 398 923 563 988; x_wconf 81' lang='lat' dir='ltr'><strong><em>Habemus</em></strong></span> <span class='ocrx_word' id='word_1_30' title='bbox 597 925 634 988; x_wconf 87' lang='lat' dir='ltr'><strong><em>de</em></strong></span> <span class='ocrx_word' id='word_1_31' title='bbox 663 923 728 987; x_wconf 93' lang='lat' dir='ltr'><strong><em>loco</em></strong></span> <span class='ocrx_word' id='word_1_32' title='bbox 763 921 920 1004; x_wconf 80' lang='lat' dir='ltr'><strong><em>baptismi,</em></strong></span> <span class='ocrx_word' id='word_1_33' title='bbox 955 922 1010 1004; x_wconf 91' lang='lat' dir='ltr'><strong><em>qui</em></strong></span> <span class='ocrx_word' id='word_1_34' title='bbox 1043 922 1169 1003; x_wconf 87' lang='lat' dir='ltr'><strong><em>quidem</em></strong></span> <span class='ocrx_word' id='word_1_35' title='bbox 1198 921 1350 1004; x_wconf 78' lang='lat' dir='ltr'><strong><em>inprimis</em></strong></span> <span class='ocrx_word' id='word_1_36' title='bbox 1371 922 1408 986; x_wconf 93' lang='lat' dir='ltr'><strong><em>iu</em></strong></span> 
     </span>
     <span class='ocr_line' id='line_1_6' title="bbox 292 1011 1443 1093; baseline -0.002 -17"><span class='ocrx_word' id='word_1_37' title='bbox 292 1011 506 1076; x_wconf 84' lang='lat' dir='ltr'><strong><em>controuersia</em></strong></span> <span class='ocrx_word' id='word_1_38' title='bbox 536 1018 688 1092; x_wconf 86' lang='lat' dir='ltr'><strong><em>uersatur,</em></strong></span> <span class='ocrx_word' id='word_1_39' title='bbox 723 1018 882 1077; x_wconf 76' lang='lat' dir='ltr'><strong><em>auctorem</em></strong></span> <span class='ocrx_word' id='word_1_40' title='bbox 910 1011 980 1092; x_wconf 88' lang='lat' dir='ltr'><strong><em>ipso</em></strong></span> <span class='ocrx_word' id='word_1_41' title='bbox 1014 1011 1168 1093; x_wconf 82' lang='lat' dir='ltr'><strong><em>Greqorio</em></strong></span> <span class='ocrx_word' id='word_1_42' title='bbox 1201 1011 1443 1091; x_wconf 73' lang='lat' dir='ltr'><strong><em>uetustiorems</em></strong></span> 
     </span>
     <span class='ocr_line' id='line_1_7' title="bbox 293 1099 1410 1182; baseline 0 -17"><span class='ocrx_word' id='word_1_43' title='bbox 293 1100 476 1166; x_wconf 77' lang='lat' dir='ltr'><strong><em>Nicetiuml</em></strong></span> <span class='ocrx_word' id='word_1_44' title='bbox 509 1100 626 1165; x_wconf 92' lang='lat' dir='ltr'><strong><em>scilicet</em></strong></span> <span class='ocrx_word' id='word_1_45' title='bbox 659 1100 835 1181; x_wconf 88' lang='lat' dir='ltr'><strong><em>episcopum</em></strong></span> <span class='ocrx_word' id='word_1_46' title='bbox 874 1100 1082 1180; x_wconf 87' lang='lat' dir='ltr'><strong><em>Treuericum,</em></strong></span> <span class='ocrx_word' id='word_1_47' title='bbox 1121 1121 1215 1182; x_wconf 92' lang='lat' dir='ltr'><strong><em>eoque</em></strong></span> <span class='ocrx_word' id='word_1_48' title='bbox 1248 1106 1322 1164; x_wconf 91' lang='lat' dir='ltr'><strong><em>teste</em></strong></span> <span class='ocrx_word' id='word_1_49' title='bbox 1356 1099 1410 1165; x_wconf 88' lang='lat' dir='ltr'><strong><em>‘ad</em></strong></span> 
     </span>
     <span class='ocr_line' id='line_1_8' title="bbox 292 1188 1409 1272; baseline -0.001 -18"><span class='ocrx_word' id='word_1_50' title='bbox 292 1190 401 1254; x_wconf 87' lang='lat' dir='ltr'><strong><em>domni</em></strong></span> <span class='ocrx_word' id='word_1_51' title='bbox 423 1189 569 1254; x_wconf 91' lang='lat' dir='ltr'><strong><em>Martini</em></strong></span> <span class='ocrx_word' id='word_1_52' title='bbox 592 1188 717 1254; x_wconf 90' lang='lat' dir='ltr'><strong><em>limina&#39;</em></strong></span> <span class='ocrx_word' id='word_1_53' title='bbox 740 1210 797 1253; x_wconf 83' lang='lat' dir='ltr'><strong><em>rec</em></strong></span> <span class='ocrx_word' id='word_1_54' title='bbox 827 1195 977 1253; x_wconf 87' lang='lat' dir='ltr'><strong><em>oraturus</em></strong></span> <span class='ocrx_word' id='word_1_55' title='bbox 1000 1188 1111 1254; x_wconf 88' lang='lat' dir='ltr'><strong><em>cecidit</em></strong></span> <span class='ocrx_word' id='word_1_56' title='bbox 1132 1196 1161 1254; x_wconf 89' lang='lat' dir='ltr'><strong><em>et</em></strong></span> <span class='ocrx_word' id='word_1_57' title='bbox 1190 1189 1354 1272; x_wconf 73' lang='lat' dir='ltr'><strong><em>baptisare</em></strong></span> <span class='ocrx_word' id='word_1_58' title='bbox 1375 1210 1409 1253; x_wconf 90' lang='lat' dir='ltr'><strong><em>se</em></strong></span> 
     </span>
     <span class='ocr_line' id='line_1_9' title="bbox 291 1276 1410 1360; baseline 0 -18"><span class='ocrx_word' id='word_1_59' title='bbox 291 1278 362 1342; x_wconf 88' lang='lat' dir='ltr'><strong><em>siue</em></strong></span> <span class='ocrx_word' id='word_1_60' title='bbox 390 1299 481 1344; x_wconf 91' lang='lat' dir='ltr'><strong><em>moro</em></strong></span> <span class='ocrx_word' id='word_1_61' title='bbox 512 1276 683 1360; x_wconf 72' lang='lat' dir='ltr'><strong><em>permisit.</em></strong></span> <span class='ocrx_word' id='word_1_62' title='bbox 729 1278 828 1342; x_wconf 90' lang='lat' dir='ltr'><strong><em>Hauc</em></strong></span> <span class='ocrx_word' id='word_1_63' title='bbox 862 1279 896 1343; x_wconf 83' lang='lat' dir='ltr'><strong><em>S.</em></strong></span> <span class='ocrx_word' id='word_1_64' title='bbox 921 1277 1067 1342; x_wconf 90' lang='lat' dir='ltr'><strong><em>Martini</em></strong></span> <span class='ocrx_word' id='word_1_65' title='bbox 1100 1277 1261 1342; x_wconf 88' lang='lat' dir='ltr'><strong><em>ecclesiam</em></strong></span> <span class='ocrx_word' id='word_1_66' title='bbox 1294 1284 1410 1342; x_wconf 78' lang='lat' dir='ltr'><strong><em>netues</em></strong></span> 
     </span>
     <span class='ocr_line' id='line_1_10' title="bbox 292 1365 1410 1448; baseline -0.001 -17"><span class='ocrx_word' id='word_1_67' title='bbox 292 1367 408 1431; x_wconf 89' lang='lat' dir='ltr'><strong><em>barum</em></strong></span> <span class='ocrx_word' id='word_1_68' title='bbox 426 1387 534 1431; x_wconf 83' lang='lat' dir='ltr'><strong><em>rerum</em></strong></span> <span class='ocrx_word' id='word_1_69' title='bbox 552 1365 685 1431; x_wconf 81' lang='lat' dir='ltr'><strong><em>studiosi</em></strong></span> <span class='ocrx_word' id='word_1_70' title='bbox 700 1366 811 1430; x_wconf 87' lang='lat' dir='ltr'><strong><em>Remis</em></strong></span> <span class='ocrx_word' id='word_1_71' title='bbox 827 1387 971 1447; x_wconf 84' lang='lat' dir='ltr'><strong><em>posuere,</em></strong></span> <span class='ocrx_word' id='word_1_72' title='bbox 995 1387 1123 1447; x_wconf 89' lang='lat' dir='ltr'><strong><em>cumque</em></strong></span> <span class='ocrx_word' id='word_1_73' title='bbox 1138 1367 1225 1448; x_wconf 86' lang='lat' dir='ltr'><strong><em>apud</em></strong></span> <span class='ocrx_word' id='word_1_74' title='bbox 1239 1367 1410 1430; x_wconf 86' lang='lat' dir='ltr'><strong><em>Remeuses</em></strong></span> 
     </span>
     <span class='ocr_line' id='line_1_11' title="bbox 292 1455 1458 1537; baseline 0 -18"><span class='ocrx_word' id='word_1_75' title='bbox 292 1455 446 1520; x_wconf 89' lang='lat' dir='ltr'><strong><em>traditum</em></strong></span> <span class='ocrx_word' id='word_1_76' title='bbox 469 1461 554 1536; x_wconf 88' lang='lat' dir='ltr'><strong><em>esset,</em></strong></span> <span class='ocrx_word' id='word_1_77' title='bbox 574 1455 682 1536; x_wconf 93' lang='lat' dir='ltr'><strong><em>potius</em></strong></span> <span class='ocrx_word' id='word_1_78' title='bbox 704 1455 741 1518; x_wconf 90' lang='lat' dir='ltr'><strong><em>in</em></strong></span> <span class='ocrx_word' id='word_1_79' title='bbox 765 1456 798 1520; x_wconf 81' lang='lat' dir='ltr'><strong><em>S.</em></strong></span> <span class='ocrx_word' id='word_1_80' title='bbox 819 1455 953 1519; x_wconf 88' lang='lat' dir='ltr'><strong><em>Mariae</em></strong></span> <span class='ocrx_word' id='word_1_81' title='bbox 976 1455 1106 1520; x_wconf 88' lang='lat' dir='ltr'><strong><em>ecclesia</em></strong></span> <span class='ocrx_word' id='word_1_82' title='bbox 1129 1476 1232 1537; x_wconf 80' lang='lat' dir='ltr'><strong><em>reqem</em></strong></span> <span class='ocrx_word' id='word_1_83' title='bbox 1255 1477 1324 1519; x_wconf 92' lang='lat' dir='ltr'><strong><em>cum</em></strong></span> <span class='ocrx_word' id='word_1_84' title='bbox 1348 1461 1408 1519; x_wconf 91' lang='lat' dir='ltr'><strong><em>toto</em></strong></span> <span class='ocrx_word' id='word_1_85' title='bbox 1428 1481 1458 1519; x_wconf 81' lang='grc' dir='ltr'><strong><em>ιο</em></strong></span> 
     </span>
     <span class='ocr_line' id='line_1_12' title="bbox 293 1543 1410 1626; baseline 0.001 -19"><span class='ocrx_word' id='word_1_86' title='bbox 293 1545 497 1608; x_wconf 82' lang='lat' dir='ltr'><strong><em>Francorum</em></strong></span> <span class='ocrx_word' id='word_1_87' title='bbox 518 1545 635 1626; x_wconf 90' lang='lat' dir='ltr'><strong><em>populo</em></strong></span> <span class='ocrx_word' id='word_1_88' title='bbox 659 1544 853 1625; x_wconf 70' lang='lat' dir='ltr'><strong><em>baptizatum</em></strong></span> <span class='ocrx_word' id='word_1_89' title='bbox 882 1565 955 1624; x_wconf 90' lang='lat' dir='ltr'><strong><em>esse,</em></strong></span> <span class='ocrx_word' id='word_1_90' title='bbox 986 1543 1047 1608; x_wconf 91' lang='lat' dir='ltr'><strong><em>alii</em></strong></span> <span class='ocrx_word' id='word_1_91' title='bbox 1076 1543 1161 1608; x_wconf 91' lang='lat' dir='ltr'><strong><em>iuter</em></strong></span> <span class='ocrx_word' id='word_1_92' title='bbox 1183 1544 1356 1609; x_wconf 90' lang='lat' dir='ltr'><strong><em>orationem</em></strong></span> <span class='ocrx_word' id='word_1_93' title='bbox 1380 1551 1410 1608; x_wconf 94' lang='lat' dir='ltr'><strong><em>et</em></strong></span> 
     </span>
     <span class='ocr_line' id='line_1_13' title="bbox 293 1632 1409 1714; baseline 0.001 -18"><span class='ocrx_word' id='word_1_94' title='bbox 293 1632 481 1714; x_wconf 90' lang='lat' dir='ltr'><strong><em>baptismum</em></strong></span> <span class='ocrx_word' id='word_1_95' title='bbox 504 1633 740 1714; x_wconf 85' lang='lat' dir='ltr'><strong><em>distinquentcs,</em></strong></span> <span class='ocrx_word' id='word_1_96' title='bbox 765 1633 821 1697; x_wconf 89' lang='lat' dir='ltr'><strong><em>boc</em></strong></span> <span class='ocrx_word' id='word_1_97' title='bbox 836 1632 1012 1697; x_wconf 89' lang='lat' dir='ltr'><strong><em>Hiucmori</em></strong></span> <span class='ocrx_word' id='word_1_98' title='bbox 1033 1633 1221 1714; x_wconf 81' lang='lat' dir='ltr'><strong><em>obortaeque</em></strong></span> <span class='ocrx_word' id='word_1_99' title='bbox 1243 1633 1409 1697; x_wconf 92' lang='lat' dir='ltr'><strong><em>cuiusdam</em></strong></span> 
     </span>
     <span class='ocr_line' id='line_1_14' title="bbox 293 1721 1409 1803; baseline -0.001 -18"><span class='ocrx_word' id='word_1_100' title='bbox 293 1721 460 1786; x_wconf 83' lang='lat' dir='ltr'><strong><em>Ludoeoici</em></strong></span> <span class='ocrx_word' id='word_1_101' title='bbox 489 1721 568 1786; x_wconf 71' lang='lat' dir='ltr'><strong><em>Pii2</em></strong></span> <span class='ocrx_word' id='word_1_102' title='bbox 602 1721 813 1786; x_wconf 91' lang='lat' dir='ltr'><strong><em>testimouium</em></strong></span> <span class='ocrx_word' id='word_1_103' title='bbox 846 1728 1059 1800; x_wconf 87' lang='lat' dir='ltr'><strong><em>seruauerunt,</em></strong></span> <span class='ocrx_word' id='word_1_104' title='bbox 1094 1743 1174 1803; x_wconf 90' lang='lat' dir='ltr'><strong><em>quoe</em></strong></span> <span class='ocrx_word' id='word_1_105' title='bbox 1207 1743 1285 1786; x_wconf 92' lang='lat' dir='ltr'><strong><em>sane</em></strong></span> <span class='ocrx_word' id='word_1_106' title='bbox 1318 1722 1409 1784; x_wconf 91' lang='lat' dir='ltr'><strong><em>ambo</em></strong></span> 
     </span>
     <span class='ocr_line' id='line_1_15' title="bbox 292 1810 1412 1892; baseline 0 -18"><span class='ocrx_word' id='word_1_107' title='bbox 292 1817 452 1892; x_wconf 79' lang='lat' dir='ltr'><strong><em>suspectae</em></strong></span> <span class='ocrx_word' id='word_1_108' title='bbox 485 1810 563 1890; x_wconf 76' lang='lat' dir='ltr'><strong><em>fidei</em></strong></span> <span class='ocrx_word' id='word_1_109' title='bbox 602 1817 678 1874; x_wconf 92' lang='lat' dir='ltr'><strong><em>suut</em></strong></span> <span class='ocrx_word' id='word_1_110' title='bbox 711 1811 925 1892; x_wconf 78' lang='lat' dir='ltr'><strong><em>documenta³,</em></strong></span> <span class='ocrx_word' id='word_1_111' title='bbox 964 1847 1008 1856; x_wconf 91' lang='lat'><strong><em>—-</em></strong></span> <span class='ocrx_word' id='word_1_112' title='bbox 1055 1810 1237 1876; x_wconf 77' lang='lat' dir='ltr'><strong><em>Cointium4</em></strong></span> <span class='ocrx_word' id='word_1_113' title='bbox 1271 1811 1340 1875; x_wconf 89' lang='lat' dir='ltr'><strong><em>dico</em></strong></span> <span class='ocrx_word' id='word_1_114' title='bbox 1381 1817 1412 1874; x_wconf 90' lang='lat' dir='ltr'><strong><em>et</em></strong></span> 
     </span>
     <span class='ocr_line' id='line_1_16' title="bbox 293 1899 1456 1982; baseline -0.001 -19"><span class='ocrx_word' id='word_1_115' title='bbox 293 1899 492 1965; x_wconf 80' lang='lat' dir='ltr'><strong><em>Morlotum⁵</em></strong></span> <span class='ocrx_word' id='word_1_116' title='bbox 506 1921 563 1982; x_wconf 89' lang='lat'><strong><em>—,·</em></strong></span> <span class='ocrx_word' id='word_1_117' title='bbox 581 1899 746 1964; x_wconf 80' lang='lat' dir='ltr'><strong><em>Valesius⁶</em></strong></span> <span class='ocrx_word' id='word_1_118' title='bbox 760 1921 833 1964; x_wconf 84' lang='lat' dir='ltr'><strong><em>vero</em></strong></span> <span class='ocrx_word' id='word_1_119' title='bbox 850 1899 934 1963; x_wconf 90' lang='lat' dir='ltr'><strong><em>idem</em></strong></span> <span class='ocrx_word' id='word_1_120' title='bbox 949 1899 1133 1980; x_wconf 85' lang='lat' dir='ltr'><strong><em>improbans</em></strong></span> <span class='ocrx_word' id='word_1_121' title='bbox 1150 1906 1180 1963; x_wconf 88' lang='lat' dir='ltr'><strong><em>et</em></strong></span> <span class='ocrx_word' id='word_1_122' title='bbox 1194 1899 1410 1964; x_wconf 88' lang='lat' dir='ltr'><strong><em>Hiucmarurn</em></strong></span> <span class='ocrx_word' id='word_1_123' title='bbox 1429 1924 1456 1963; x_wconf 81' lang='lat'><strong><em>15</em></strong></span> 
     </span>
     <span class='ocr_line' id='line_1_17' title="bbox 293 1987 1410 2070; baseline 0 -19"><span class='ocrx_word' id='word_1_124' title='bbox 293 1988 415 2053; x_wconf 87' lang='lat' dir='ltr'><strong><em>erroris</em></strong></span> <span class='ocrx_word' id='word_1_125' title='bbox 436 2010 583 2070; x_wconf 82' lang='lat' dir='ltr'><strong><em>arquens,</em></strong></span> <span class='ocrx_word' id='word_1_126' title='bbox 607 1989 711 2070; x_wconf 91' lang='lat' dir='ltr'><strong><em>ipsum</em></strong></span> <span class='ocrx_word' id='word_1_127' title='bbox 730 1988 918 2069; x_wconf 87' lang='lat' dir='ltr'><strong><em>baptismum</em></strong></span> <span class='ocrx_word' id='word_1_128' title='bbox 934 1988 1080 2052; x_wconf 86' lang='lat' dir='ltr'><strong><em>Martini</em></strong></span> <span class='ocrx_word' id='word_1_129' title='bbox 1097 1988 1244 2053; x_wconf 86' lang='lat' dir='ltr'><strong><em>ecclesiae</em></strong></span> <span class='ocrx_word' id='word_1_130' title='bbox 1259 1987 1410 2052; x_wconf 90' lang='lat' dir='ltr'><strong><em>Remensi</em></strong></span> 
     </span>
     <span class='ocr_line' id='line_1_18' title="bbox 293 2076 1410 2158; baseline 0.001 -19"><span class='ocrx_word' id='word_1_131' title='bbox 293 2076 448 2141; x_wconf 87' lang='lat' dir='ltr'><strong><em>attribuit.</em></strong></span> <span class='ocrx_word' id='word_1_132' title='bbox 487 2079 523 2142; x_wconf 87' lang='lat' dir='ltr'><em>E</em></span> <span class='ocrx_word' id='word_1_133' title='bbox 543 2077 704 2143; x_wconf 87' lang='lat' dir='ltr'><strong><em>contrario</em></strong></span> <span class='ocrx_word' id='word_1_134' title='bbox 727 2079 815 2158; x_wconf 90' lang='lat' dir='ltr'><strong><em>apud</em></strong></span> <span class='ocrx_word' id='word_1_135' title='bbox 830 2077 991 2142; x_wconf 85' lang='lat' dir='ltr'><strong><em>Nicetium</em></strong></span> <span class='ocrx_word' id='word_1_136' title='bbox 1013 2098 1153 2141; x_wconf 87' lang='lat' dir='ltr'><strong><em>errorem</em></strong></span> <span class='ocrx_word' id='word_1_137' title='bbox 1171 2077 1410 2158; x_wconf 77' lang='lat' dir='ltr'><strong><em>deprehendisse</em></strong></span> 
     </span>
     <span class='ocr_line' id='line_1_19' title="bbox 293 2162 1410 2250; baseline -0.001 -20"><span class='ocrx_word' id='word_1_138' title='bbox 293 2165 357 2230; x_wconf 87' lang='lat' dir='ltr'><strong><em>sibi</em></strong></span> <span class='ocrx_word' id='word_1_139' title='bbox 385 2166 473 2231; x_wconf 84' lang='lat' dir='ltr'><strong><em>uisus</em></strong></span> <span class='ocrx_word' id='word_1_140' title='bbox 504 2173 550 2231; x_wconf 91' lang='lat' dir='ltr'><strong><em>est</em></strong></span> <span class='ocrx_word' id='word_1_141' title='bbox 571 2168 613 2230; x_wconf 87' lang='lat' dir='ltr'><strong><em>F.</em></strong></span> <span class='ocrx_word' id='word_1_142' title='bbox 636 2167 687 2231; x_wconf 90' lang='lat' dir='ltr'><strong><em>W.</em></strong></span> <span class='ocrx_word' id='word_1_143' title='bbox 711 2167 860 2248; x_wconf 81' lang='lat' dir='ltr'><strong><em>Rettberq</em></strong></span> <span class='ocrx_word' id='word_1_144' title='bbox 872 2167 890 2247; x_wconf 87' lang='lat'><strong><em>⁷,</em></strong></span> <span class='ocrx_word' id='word_1_145' title='bbox 915 2162 1073 2250; x_wconf 77' lang='lat' dir='ltr'><strong><em>&#39;Dlomni)</em></strong></span> <span class='ocrx_word' id='word_1_146' title='bbox 1097 2163 1263 2250; x_wconf 71' lang='lat' dir='ltr'><strong><em>Mlartini)</em></strong></span> <span class='ocrx_word' id='word_1_147' title='bbox 1287 2165 1410 2230; x_wconf 81' lang='lat' dir='ltr'><strong><em>litteras</em></strong></span> 
     </span>
     <span class='ocr_line' id='line_1_20' title="bbox 287 2251 1409 2339; baseline -0.001 -20"><span class='ocrx_word' id='word_1_148' title='bbox 287 2276 350 2337; x_wconf 90' lang='lat' dir='ltr'><strong><em>pro</em></strong></span> <span class='ocrx_word' id='word_1_149' title='bbox 374 2251 506 2339; x_wconf 84' lang='lat' dir='ltr'><strong><em>D(ivae)</em></strong></span> <span class='ocrx_word' id='word_1_150' title='bbox 529 2253 683 2339; x_wconf 74' lang='lat' dir='ltr'><strong><em>Mlariae)</em></strong></span> <span class='ocrx_word' id='word_1_151' title='bbox 707 2257 746 2319; x_wconf 93' lang='lat' dir='ltr'><strong><em>ab</em></strong></span> <span class='ocrx_word' id='word_1_152' title='bbox 770 2277 804 2318; x_wconf 92' lang='lat' dir='ltr'><strong><em>eo</em></strong></span> <span class='ocrx_word' id='word_1_153' title='bbox 827 2257 908 2319; x_wconf 88' lang='lat' dir='ltr'><strong><em>male</em></strong></span> <span class='ocrx_word' id='word_1_154' title='bbox 931 2257 1027 2319; x_wconf 85' lang='lat' dir='ltr'><strong><em>lectas</em></strong></span> <span class='ocrx_word' id='word_1_155' title='bbox 1049 2277 1114 2319; x_wconf 91' lang='lat' dir='ltr'><strong><em>esse</em></strong></span> <span class='ocrx_word' id='word_1_156' title='bbox 1136 2261 1286 2334; x_wconf 87' lang='lat' dir='ltr'><strong><em>statuens,</em></strong></span> <span class='ocrx_word' id='word_1_157' title='bbox 1315 2255 1409 2319; x_wconf 79' lang='lat' dir='ltr'><strong><em>lianc-</em></strong></span> 
     </span>
     <span class='ocr_line' id='line_1_21' title="bbox 293 2343 1456 2425; baseline -0.001 -18"><span class='ocrx_word' id='word_1_158' title='bbox 293 2365 352 2425; x_wconf 88' lang='lat' dir='ltr'><strong><em>que</em></strong></span> <span class='ocrx_word' id='word_1_159' title='bbox 366 2343 469 2425; x_wconf 85' lang='lat' dir='ltr'><strong><em>ipsius</em></strong></span> <span class='ocrx_word' id='word_1_160' title='bbox 485 2344 696 2409; x_wconf 90' lang='lat' dir='ltr'><strong><em>coniecturam</em></strong></span> <span class='ocrx_word' id='word_1_161' title='bbox 711 2344 867 2424; x_wconf 81' lang='lat' dir='ltr'><strong><em>infaustis</em></strong></span> <span class='ocrx_word' id='word_1_162' title='bbox 883 2343 1037 2425; x_wconf 86' lang='lat' dir='ltr'><strong><em>auspiciis</em></strong></span> <span class='ocrx_word' id='word_1_163' title='bbox 1056 2351 1196 2408; x_wconf 85' lang='lat' dir='ltr'><strong><em>euortom</em></strong></span> <span class='ocrx_word' id='word_1_164' title='bbox 1212 2347 1253 2408; x_wconf 87' lang='lat' dir='ltr'><strong><em>A.</em></strong></span> <span class='ocrx_word' id='word_1_165' title='bbox 1271 2344 1410 2408; x_wconf 83' lang='lat' dir='ltr'><strong><em>Hauclc8</em></strong></span> <span class='ocrx_word' id='word_1_166' title='bbox 1428 2368 1456 2406; x_wconf 82' lang='lat'><strong><em>20</em></strong></span> 
     </span>
     <span class='ocr_line' id='line_1_22' title="bbox 294 2431 1409 2515; baseline -0.001 -19"><span class='ocrx_word' id='word_1_167' title='bbox 294 2432 369 2496; x_wconf 93' lang='lat' dir='ltr'><strong><em>olim</em></strong></span> <span class='ocrx_word' id='word_1_168' title='bbox 384 2435 622 2515; x_wconf 84' lang='lat' dir='ltr'><strong><em>approbarerat.</em></strong></span> <span class='ocrx_word' id='word_1_169' title='bbox 654 2433 766 2496; x_wconf 84' lang='lat' dir='ltr'><strong><em>Etiam</em></strong></span> <span class='ocrx_word' id='word_1_170' title='bbox 784 2433 835 2498; x_wconf 83' lang='lat' dir='ltr'><strong><em>W.</em></strong></span> <span class='ocrx_word' id='word_1_171' title='bbox 848 2434 1046 2515; x_wconf 78' lang='lat' dir='ltr'><strong><em>Juupbans⁹</em></strong></span> <span class='ocrx_word' id='word_1_172' title='bbox 1063 2432 1183 2498; x_wconf 90' lang='lat' dir='ltr'><strong><em>Nicetii</em></strong></span> <span class='ocrx_word' id='word_1_173' title='bbox 1198 2431 1409 2497; x_wconf 89' lang='lat' dir='ltr'><strong><em>testimouium</em></strong></span> 
     </span>
     <span class='ocr_line' id='line_1_23' title="bbox 293 2521 1300 2604; baseline -0.001 -20"><span class='ocrx_word' id='word_1_174' title='bbox 293 2523 338 2585; x_wconf 91' lang='lat' dir='ltr'><strong><em>ad</em></strong></span> <span class='ocrx_word' id='word_1_175' title='bbox 359 2522 460 2585; x_wconf 91' lang='lat' dir='ltr'><strong><em>solum</em></strong></span> <span class='ocrx_word' id='word_1_176' title='bbox 483 2528 623 2586; x_wconf 91' lang='lat' dir='ltr'><strong><em>erratum</em></strong></span> <span class='ocrx_word' id='word_1_177' title='bbox 645 2521 774 2603; x_wconf 89' lang='lat' dir='ltr'><strong><em>rettulit,</em></strong></span> <span class='ocrx_word' id='word_1_178' title='bbox 799 2521 970 2604; x_wconf 82' lang='lat' dir='ltr'><strong><em>bioqrapbo</em></strong></span> <span class='ocrx_word' id='word_1_179' title='bbox 993 2521 1128 2586; x_wconf 89' lang='lat' dir='ltr'><strong><em>nimium</em></strong></span> <span class='ocrx_word' id='word_1_180' title='bbox 1150 2521 1300 2586; x_wconf 87' lang='lat' dir='ltr'><strong><em>tribuens.</em></strong></span> 
     </span>
    </p>

    <p class='ocr_par' dir='ltr' id='par_1_4' title="bbox 293 2609 1458 3403">
     <span class='ocr_line' id='line_1_24' title="bbox 400 2609 1410 2676; baseline -0.002 -2"><span class='ocrx_word' id='word_1_181' title='bbox 400 2610 452 2675; x_wconf 88' lang='lat' dir='ltr'><strong><em>De</em></strong></span> <span class='ocrx_word' id='word_1_182' title='bbox 478 2610 657 2674; x_wconf 82' lang='lat' dir='ltr'><strong><em>Turoueusi</em></strong></span> <span class='ocrx_word' id='word_1_183' title='bbox 687 2617 790 2675; x_wconf 92' lang='lat' dir='ltr'><strong><em>autem</em></strong></span> <span class='ocrx_word' id='word_1_184' title='bbox 821 2611 854 2674; x_wconf 78' lang='lat' dir='ltr'><strong><em>S.</em></strong></span> <span class='ocrx_word' id='word_1_185' title='bbox 875 2610 1021 2674; x_wconf 86' lang='lat' dir='ltr'><strong><em>Martini</em></strong></span> <span class='ocrx_word' id='word_1_186' title='bbox 1050 2609 1180 2675; x_wconf 89' lang='lat' dir='ltr'><strong><em>ecclesia</em></strong></span> <span class='ocrx_word' id='word_1_187' title='bbox 1209 2610 1410 2676; x_wconf 88' lang='lat' dir='ltr'><strong><em>celeberrima</em></strong></span> 
     </span>
     <span class='ocr_line' id='line_1_25' title="bbox 293 2698 1410 2782; baseline 0 -20"><span class='ocrx_word' id='word_1_188' title='bbox 293 2719 392 2779; x_wconf 88' lang='lat' dir='ltr'><strong><em>neque</em></strong></span> <span class='ocrx_word' id='word_1_189' title='bbox 432 2701 469 2764; x_wconf 90' lang='lat' dir='ltr'><strong><em>de</em></strong></span> <span class='ocrx_word' id='word_1_190' title='bbox 508 2698 577 2763; x_wconf 92' lang='lat' dir='ltr'><strong><em>alia</em></strong></span> <span class='ocrx_word' id='word_1_191' title='bbox 614 2701 703 2782; x_wconf 93' lang='lat' dir='ltr'><strong><em>apud</em></strong></span> <span class='ocrx_word' id='word_1_192' title='bbox 732 2699 893 2764; x_wconf 87' lang='lat' dir='ltr'><strong><em>Nicetium</em></strong></span> <span class='ocrx_word' id='word_1_193' title='bbox 927 2700 982 2780; x_wconf 82' lang='lat' dir='ltr'><strong><em>aqi</em></strong></span> <span class='ocrx_word' id='word_1_194' title='bbox 1016 2698 1180 2782; x_wconf 90' lang='lat' dir='ltr'><strong><em>ipsamque</em></strong></span> <span class='ocrx_word' id='word_1_195' title='bbox 1220 2698 1410 2764; x_wconf 90' lang='lat' dir='ltr'><strong><em>sollemniter</em></strong></span> 
     </span>
     <span class='ocr_line' id='line_1_26' title="bbox 299 2787 1456 2870; baseline -0.003 -17"><span class='ocrx_word' id='word_1_196' title='bbox 299 2787 544 2853; x_wconf 79' lang='lat' dir='ltr'><strong><em>Gllodouecbum</em></strong></span> <span class='ocrx_word' id='word_1_197' title='bbox 562 2809 665 2870; x_wconf 82' lang='lat' dir='ltr'><strong><em>reqem</em></strong></span> <span class='ocrx_word' id='word_1_198' title='bbox 684 2788 803 2852; x_wconf 87' lang='lat' dir='ltr'><strong><em>adiisse</em></strong></span> <span class='ocrx_word' id='word_1_199' title='bbox 819 2809 904 2852; x_wconf 92' lang='lat' dir='ltr'><strong><em>nunc</em></strong></span> <span class='ocrx_word' id='word_1_200' title='bbox 920 2787 990 2870; x_wconf 87' lang='lat' dir='ltr'><strong><em>ipse</em></strong></span> <span class='ocrx_word' id='word_1_201' title='bbox 1005 2789 1044 2852; x_wconf 88' lang='lat' dir='ltr'><strong><em>L.</em></strong></span> <span class='ocrx_word' id='word_1_202' title='bbox 1062 2787 1275 2852; x_wconf 74' lang='lat' dir='ltr'><strong><em>Demaison1⁰</em></strong></span> <span class='ocrx_word' id='word_1_203' title='bbox 1291 2809 1409 2852; x_wconf 91' lang='lat' dir='ltr'><strong><em>mecum</em></strong></span> <span class='ocrx_word' id='word_1_204' title='bbox 1429 2812 1456 2851; x_wconf 79' lang='lat'><strong><em>25</em></strong></span> 
     </span>
     <span class='ocr_line' id='line_1_27' title="bbox 293 2876 1410 2959; baseline 0 -19"><span class='ocrx_word' id='word_1_205' title='bbox 293 2877 459 2959; x_wconf 90' lang='lat' dir='ltr'><strong><em>consensit,</em></strong></span> <span class='ocrx_word' id='word_1_206' title='bbox 483 2883 576 2958; x_wconf 89' lang='lat' dir='ltr'><strong><em>atque</em></strong></span> <span class='ocrx_word' id='word_1_207' title='bbox 599 2876 760 2958; x_wconf 88' lang='lat' dir='ltr'><strong><em>plerisque</em></strong></span> <span class='ocrx_word' id='word_1_208' title='bbox 788 2876 855 2940; x_wconf 88' lang='lat' dir='ltr'><strong><em>iam</em></strong></span> <span class='ocrx_word' id='word_1_209' title='bbox 877 2898 1069 2958; x_wconf 86' lang='lat' dir='ltr'><strong><em>persuasum</em></strong></span> <span class='ocrx_word' id='word_1_210' title='bbox 1091 2883 1145 2958; x_wconf 89' lang='lat' dir='ltr'><strong><em>est,</em></strong></span> <span class='ocrx_word' id='word_1_211' title='bbox 1175 2883 1290 2941; x_wconf 81' lang='lat' dir='ltr'><strong><em>tentum</em></strong></span> <span class='ocrx_word' id='word_1_212' title='bbox 1319 2877 1410 2940; x_wconf 87' lang='lat' dir='ltr'><strong><em>illum</em></strong></span> 
     </span>
     <span class='ocr_line' id='line_1_28' title="bbox 293 2965 1410 3047; baseline 0.001 -19"><span class='ocrx_word' id='word_1_213' title='bbox 293 2965 423 3030; x_wconf 92' lang='lat' dir='ltr'><strong><em>minime</em></strong></span> <span class='ocrx_word' id='word_1_214' title='bbox 444 2965 676 3030; x_wconf 91' lang='lat' dir='ltr'><strong><em>immutandum</em></strong></span> <span class='ocrx_word' id='word_1_215' title='bbox 699 2987 797 3047; x_wconf 89' lang='lat' dir='ltr'><strong><em>neque</em></strong></span> <span class='ocrx_word' id='word_1_216' title='bbox 819 2967 920 3029; x_wconf 91' lang='lat' dir='ltr'><strong><em>locum</em></strong></span> <span class='ocrx_word' id='word_1_217' title='bbox 943 2966 988 3030; x_wconf 91' lang='lat' dir='ltr'><strong><em>ad</em></strong></span> <span class='ocrx_word' id='word_1_218' title='bbox 1009 2985 1148 3030; x_wconf 89' lang='lat' dir='ltr'><strong><em>errorem</em></strong></span> <span class='ocrx_word' id='word_1_219' title='bbox 1171 2965 1310 3030; x_wconf 89' lang='lat' dir='ltr'><strong><em>auctoris</em></strong></span> <span class='ocrx_word' id='word_1_220' title='bbox 1332 2966 1410 3044; x_wconf 77' lang='lat' dir='ltr'><strong><em>rese-</em></strong></span> 
     </span>
     <span class='ocr_line' id='line_1_29' title="bbox 293 3053 1410 3136; baseline 0 -18"><span class='ocrx_word' id='word_1_221' title='bbox 293 3056 427 3118; x_wconf 90' lang='lat' dir='ltr'><strong><em>reudum</em></strong></span> <span class='ocrx_word' id='word_1_222' title='bbox 465 3076 540 3120; x_wconf 91' lang='lat' dir='ltr'><strong><em>esse.</em></strong></span> <span class='ocrx_word' id='word_1_223' title='bbox 597 3053 735 3118; x_wconf 87' lang='lat' dir='ltr'><strong><em>Interim</em></strong></span> <span class='ocrx_word' id='word_1_224' title='bbox 772 3076 812 3119; x_wconf 90' lang='lat' dir='ltr'><strong><em>ue</em></strong></span> <span class='ocrx_word' id='word_1_225' title='bbox 846 3053 1012 3119; x_wconf 79' lang='lat' dir='ltr'><strong><em>Runeusis</em></strong></span> <span class='ocrx_word' id='word_1_226' title='bbox 1046 3053 1176 3119; x_wconf 87' lang='lat' dir='ltr'><strong><em>ecclesia</em></strong></span> <span class='ocrx_word' id='word_1_227' title='bbox 1211 3054 1318 3136; x_wconf 79' lang='lat' dir='ltr'><strong><em>ploria</em></strong></span> <span class='ocrx_word' id='word_1_228' title='bbox 1351 3075 1410 3118; x_wconf 89' lang='lat' dir='ltr'><strong><em>suo</em></strong></span> 
     </span>
     <span class='ocr_line' id='line_1_30' title="bbox 293 3143 1411 3225; baseline -0.001 -18"><span class='ocrx_word' id='word_1_229' title='bbox 293 3143 512 3225; x_wconf 81' lang='lat' dir='ltr'><strong><em>fraudaretur,</em></strong></span> <span class='ocrx_word' id='word_1_230' title='bbox 536 3143 622 3208; x_wconf 91' lang='lat' dir='ltr'><strong><em>iuter</em></strong></span> <span class='ocrx_word' id='word_1_231' title='bbox 637 3143 929 3224; x_wconf 80' lang='lat' dir='ltr'><strong><em>pereqriuationem</em></strong></span> <span class='ocrx_word' id='word_1_232' title='bbox 947 3150 976 3208; x_wconf 90' lang='lat' dir='ltr'><strong><em>et</em></strong></span> <span class='ocrx_word' id='word_1_233' title='bbox 994 3143 1181 3224; x_wconf 90' lang='lat' dir='ltr'><strong><em>baptismum</em></strong></span> <span class='ocrx_word' id='word_1_234' title='bbox 1199 3143 1283 3225; x_wconf 84' lang='lat' dir='ltr'><strong><em>reqis</em></strong></span> <span class='ocrx_word' id='word_1_235' title='bbox 1306 3164 1411 3207; x_wconf 91' lang='lat' dir='ltr'><strong><em>omues</em></strong></span> 
     </span>
     <span class='ocr_line' id='line_1_31' title="bbox 293 3231 1458 3313; baseline -0.001 -17"><span class='ocrx_word' id='word_1_236' title='bbox 293 3231 341 3296; x_wconf 92' lang='lat' dir='ltr'><strong><em>ita</em></strong></span> <span class='ocrx_word' id='word_1_237' title='bbox 364 3232 588 3313; x_wconf 83' lang='lat' dir='ltr'><strong><em>distiuuerunt,</em></strong></span> <span class='ocrx_word' id='word_1_238' title='bbox 618 3239 655 3296; x_wconf 92' lang='lat' dir='ltr'><strong><em>ut</em></strong></span> <span class='ocrx_word' id='word_1_239' title='bbox 682 3232 818 3296; x_wconf 88' lang='lat' dir='ltr'><strong><em>diuersis</em></strong></span> <span class='ocrx_word' id='word_1_240' title='bbox 846 3231 923 3297; x_wconf 91' lang='lat' dir='ltr'><strong><em>locis</em></strong></span> <span class='ocrx_word' id='word_1_241' title='bbox 951 3254 989 3297; x_wconf 90' lang='lat' dir='ltr'><strong><em>ea</em></strong></span> <span class='ocrx_word' id='word_1_242' title='bbox 1018 3233 1108 3312; x_wconf 83' lang='lat' dir='ltr'><strong><em>sacta</em></strong></span> <span class='ocrx_word' id='word_1_243' title='bbox 1137 3253 1203 3296; x_wconf 92' lang='lat' dir='ltr'><strong><em>esse</em></strong></span> <span class='ocrx_word' id='word_1_244' title='bbox 1229 3238 1409 3296; x_wconf 88' lang='lat' dir='ltr'><strong><em>statuerent.</em></strong></span> <span class='ocrx_word' id='word_1_245' title='bbox 1431 3255 1458 3294; x_wconf 84' lang='lat' dir='ltr'><strong><em>so</em></strong></span> 
     </span>
     <span class='ocr_line' id='line_1_32' title="bbox 293 3320 1411 3403; baseline 0 -19"><span class='ocrx_word' id='word_1_246' title='bbox 293 3321 398 3386; x_wconf 88' lang='lat' dir='ltr'><strong><em>Locus</em></strong></span> <span class='ocrx_word' id='word_1_247' title='bbox 421 3320 572 3403; x_wconf 81' lang='lat' dir='ltr'><strong><em>epistulae</em></strong></span> <span class='ocrx_word' id='word_1_248' title='bbox 589 3320 709 3385; x_wconf 91' lang='lat' dir='ltr'><strong><em>Nicetii</em></strong></span> <span class='ocrx_word' id='word_1_249' title='bbox 732 3321 815 3402; x_wconf 89' lang='lat' dir='ltr'><strong><em>talis,</em></strong></span> <span class='ocrx_word' id='word_1_250' title='bbox 840 3321 946 3402; x_wconf 89' lang='lat' dir='ltr'><strong><em>qualis</em></strong></span> <span class='ocrx_word' id='word_1_251' title='bbox 967 3321 1005 3385; x_wconf 93' lang='lat' dir='ltr'><strong><em>in</em></strong></span> <span class='ocrx_word' id='word_1_252' title='bbox 1028 3320 1130 3386; x_wconf 88' lang='lat' dir='ltr'><strong><em>codice</em></strong></span> <span class='ocrx_word' id='word_1_253' title='bbox 1153 3321 1247 3386; x_wconf 90' lang='lat' dir='ltr'><strong><em>unico</em></strong></span> <span class='ocrx_word' id='word_1_254' title='bbox 1269 3328 1411 3385; x_wconf 89' lang='lat' dir='ltr'><strong><em>seruatus</em></strong></span> 
     </span>
    </p>
   </div>
   <div class='ocr_carea' id='block_1_3' title="bbox 260 3409 1411 3496">
    <p class='ocr_par' dir='ltr' id='par_1_5' title="bbox 260 3409 1411 3496">
     <span class='ocr_line' id='line_1_33' title="bbox 260 3409 1411 3496; baseline -0.002 -22"><span class='ocrx_word' id='word_1_255' title='bbox 260 3415 266 3425; x_wconf 97' lang='grc'>’</span> <span class='ocrx_word' id='word_1_256' title='bbox 294 3415 357 3474; x_wconf 88' lang='lat' dir='ltr'><strong><em>est:</em></strong></span> <span class='ocrx_word' id='word_1_257' title='bbox 380 3414 416 3475; x_wconf 81' lang='lat' dir='ltr'><strong><em>eb</em></strong></span> <span class='ocrx_word' id='word_1_258' title='bbox 436 3412 610 3496; x_wconf 79' lang='lat' dir='ltr'><strong><em>baptizare</em></strong></span> <span class='ocrx_word' id='word_1_259' title='bbox 629 3431 664 3474; x_wconf 87' lang='lat' dir='ltr'><strong><em>se</em></strong></span> <span class='ocrx_word' id='word_1_260' title='bbox 688 3411 761 3474; x_wconf 85' lang='lat' dir='ltr'><strong><em>sine</em></strong></span> <span class='ocrx_word' id='word_1_261' title='bbox 778 3431 874 3474; x_wconf 80' lang='lat' dir='ltr'><strong><em>mors</em></strong></span> <span class='ocrx_word' id='word_1_262' title='bbox 889 3411 1056 3494; x_wconf 78' lang='lat' dir='ltr'><strong><em>promisit,</em></strong></span> <span class='ocrx_word' id='word_1_263' title='bbox 1081 3409 1138 3474; x_wconf 85' lang='lat' dir='ltr'><strong><em>boc</em></strong></span> <span class='ocrx_word' id='word_1_264' title='bbox 1152 3412 1244 3475; x_wconf 87' lang='lat' dir='ltr'><strong><em>uerbo</em></strong></span> <span class='ocrx_word' id='word_1_265' title='bbox 1259 3409 1411 3492; x_wconf 83' lang='lat' dir='ltr'><strong><em>effuqium</em></strong></span> 
     </span>
    </p>
   </div>
   <div class='ocr_carea' id='block_1_4' title="bbox 289 3601 1459 4520">
    <p class='ocr_par' dir='ltr' id='par_1_6' title="bbox 289 3601 1459 4520">
     <span class='ocr_line' id='line_1_34' title="bbox 295 3601 1410 3702; baseline -0.004 -46"><span class='ocrx_word' id='word_1_266' title='bbox 295 3603 322 3668; x_wconf 92' lang='lat'><strong><em>1)</em></strong></span> <span class='ocrx_word' id='word_1_267' title='bbox 350 3601 560 3669; x_wconf 79' lang='lat' dir='ltr'><strong><em>Mo.1op.111‚</em></strong></span> <span class='ocrx_word' id='word_1_268' title='bbox 580 3619 610 3670; x_wconf 90' lang='lat' dir='ltr'><strong><em>p.</em></strong></span> <span class='ocrx_word' id='word_1_269' title='bbox 628 3603 687 3697; x_wconf 70' lang='grc'><strong>122.</strong></span> <span class='ocrx_word' id='word_1_270' title='bbox 779 3603 805 3668; x_wconf 90' lang='grc'><strong><em>2)</em></strong></span> <span class='ocrx_word' id='word_1_271' title='bbox 831 3602 918 3667; x_wconf 76' lang='lat' dir='ltr'><strong><em>Fece,</em></strong></span> <span class='ocrx_word' id='word_1_272' title='bbox 942 3601 1014 3656; x_wconf 86' lang='lat' dir='ltr'><strong><em>Hist.</em></strong></span> <span class='ocrx_word' id='word_1_273' title='bbox 1030 3601 1107 3690; x_wconf 62' lang='lat' dir='ltr'><strong><em>item</em></strong></span> <span class='ocrx_word' id='word_1_274' title='bbox 1127 3603 1167 3666; x_wconf 90' lang='lat' dir='ltr'><strong><em>II,</em></strong></span> <span class='ocrx_word' id='word_1_275' title='bbox 1188 3605 1221 3702; x_wconf 46' lang='lat'><strong><em>{9</em></strong></span> <span class='ocrx_word' id='word_1_276' title='bbox 1246 3602 1306 3698; x_wconf 53' lang='lat' dir='ltr'><strong><em>(b&#39;S.</em></strong></span> <span class='ocrx_word' id='word_1_277' title='bbox 1325 3601 1410 3701; x_wconf 52' lang='lat' dir='ltr'><strong><em>Xllq,</em></strong></span> 
     </span>
     <span class='ocr_line' id='line_1_35' title="bbox 289 3672 1459 3811; baseline 0.001 -15"><span class='ocrx_word' id='word_1_278' title='bbox 289 3689 322 3810; x_wconf 64' lang='lat' dir='ltr'><strong><em>i}</em></strong></span> <span class='ocrx_word' id='word_1_279' title='bbox 338 3673 673 3810; x_wconf 37' lang='lat' dir='ltr'><strong><em>lzsslboenuffillddll&#39;</em></strong></span> <span class='ocrx_word' id='word_1_280' title='bbox 685 3672 1412 3811; x_wconf 53' lang='lat' dir='ltr'><strong><em>sllicb‘ddb,⁷}‚41&#39;4imblcldl&#39;rzlifquii&#39;rlibi</em></strong></span> <span class='ocrx_word' id='word_1_281' title='bbox 1431 3759 1459 3797; x_wconf 75' lang='lat' dir='ltr'><strong><em>ss</em></strong></span> 
     </span>
     <span class='ocr_line' id='line_1_36' title="bbox 293 3815 1411 3882; baseline 0.004 -18"><span class='ocrx_word' id='word_1_282' title='bbox 293 3815 430 3866; x_wconf 81' lang='lat' dir='ltr'><strong><em>Remensis</em></strong></span> <span class='ocrx_word' id='word_1_283' title='bbox 441 3815 555 3868; x_wconf 79' lang='lat' dir='ltr'><strong><em>historio</em></strong></span> <span class='ocrx_word' id='word_1_284' title='bbox 565 3815 589 3879; x_wconf 87' lang='lat' dir='ltr'><strong><em>I,</em></strong></span> <span class='ocrx_word' id='word_1_285' title='bbox 601 3831 631 3880; x_wconf 80' lang='lat' dir='ltr'><strong><em>p.</em></strong></span> <span class='ocrx_word' id='word_1_286' title='bbox 645 3817 706 3869; x_wconf 80' lang='lat'><strong><em>157.</em></strong></span> <span class='ocrx_word' id='word_1_287' title='bbox 755 3816 781 3880; x_wconf 89' lang='grc'><strong><em>6)</em></strong></span> <span class='ocrx_word' id='word_1_288' title='bbox 797 3815 833 3868; x_wconf 90' lang='grc' dir='ltr'><strong><em>Η.</em></strong></span> <span class='ocrx_word' id='word_1_289' title='bbox 850 3816 980 3878; x_wconf 76' lang='lat' dir='ltr'><strong><em>Valesius,</em></strong></span> <span class='ocrx_word' id='word_1_290' title='bbox 993 3817 1046 3867; x_wconf 84' lang='lat' dir='ltr'><strong><em>Res</em></strong></span> <span class='ocrx_word' id='word_1_291' title='bbox 1058 3816 1206 3868; x_wconf 78' lang='lat' dir='ltr'><strong><em>Francicus</em></strong></span> <span class='ocrx_word' id='word_1_292' title='bbox 1215 3817 1240 3881; x_wconf 92' lang='lat' dir='ltr'><strong><em>I,</em></strong></span> <span class='ocrx_word' id='word_1_293' title='bbox 1253 3833 1283 3882; x_wconf 89' lang='lat' dir='ltr'><strong><em>p.</em></strong></span> <span class='ocrx_word' id='word_1_294' title='bbox 1296 3819 1349 3870; x_wconf 84' lang='lat'><strong><em>262</em></strong></span> <span class='ocrx_word' id='word_1_295' title='bbox 1355 3832 1411 3882; x_wconf 90' lang='lat' dir='ltr'><strong><em>sqq.</em></strong></span> 
     </span>
     <span class='ocr_line' id='line_1_37' title="bbox 295 3885 1411 3954; baseline 0.003 -14"><span class='ocrx_word' id='word_1_296' title='bbox 295 3887 322 3952; x_wconf 84' lang='lat' dir='ltr'><strong><em>l)</em></strong></span> <span class='ocrx_word' id='word_1_297' title='bbox 342 3885 473 3952; x_wconf 83' lang='lat' dir='ltr'><strong><em>Reitberq,</em></strong></span> <span class='ocrx_word' id='word_1_298' title='bbox 486 3886 699 3951; x_wconf 70' lang='lat' dir='ltr'><strong><em>‘Kircheuqescb</em></strong></span> <span class='ocrx_word' id='word_1_299' title='bbox 711 3886 892 3950; x_wconf 66' lang='lat' dir='ltr'><strong><em>Deutsclclll,</em></strong></span> <span class='ocrx_word' id='word_1_300' title='bbox 911 3905 938 3954; x_wconf 93' lang='lat' dir='ltr'><strong><em>p.</em></strong></span> <span class='ocrx_word' id='word_1_301' title='bbox 951 3890 1012 3941; x_wconf 84' lang='grc'><strong><em>276.</em></strong></span> <span class='ocrx_word' id='word_1_302' title='bbox 1066 3888 1095 3954; x_wconf 76' lang='grc'><strong><em>8)</em></strong></span> <span class='ocrx_word' id='word_1_303' title='bbox 1114 3886 1214 3938; x_wconf 84' lang='lat' dir='ltr'><strong><em>Houclc</em></strong></span> <span class='ocrx_word' id='word_1_304' title='bbox 1226 3887 1242 3941; x_wconf 88' lang='lat' dir='ltr'><strong><em>l.</em></strong></span> <span class='ocrx_word' id='word_1_305' title='bbox 1257 3888 1274 3940; x_wconf 89' lang='lat' dir='ltr'><strong><em>l.</em></strong></span> <span class='ocrx_word' id='word_1_306' title='bbox 1289 3904 1319 3953; x_wconf 87' lang='lat' dir='ltr'><strong><em>p.</em></strong></span> <span class='ocrx_word' id='word_1_307' title='bbox 1334 3890 1385 3942; x_wconf 88' lang='grc'><strong><em>108</em></strong></span> <span class='ocrx_word' id='word_1_308' title='bbox 1396 3889 1411 3942; x_wconf 79' lang='lat'><strong><em>¹.</em></strong></span> 
     </span>
     <span class='ocr_line' id='line_1_38' title="bbox 295 3955 1411 4024; baseline 0.002 -18"><span class='ocrx_word' id='word_1_309' title='bbox 295 3958 322 4022; x_wconf 88' lang='lat'><strong><em>9)</em></strong></span> <span class='ocrx_word' id='word_1_310' title='bbox 344 3955 501 4023; x_wconf 82' lang='lat' dir='ltr'><strong><em>Junqbons,</em></strong></span> <span class='ocrx_word' id='word_1_311' title='bbox 520 3957 580 4009; x_wconf 84' lang='lat' dir='ltr'><strong><em>‘Die</em></strong></span> <span class='ocrx_word' id='word_1_312' title='bbox 599 3957 689 4011; x_wconf 82' lang='lat' dir='ltr'><strong><em>Gesob.</em></strong></span> <span class='ocrx_word' id='word_1_313' title='bbox 709 3959 735 4010; x_wconf 89' lang='lat' dir='ltr'><strong><em>d.</em></strong></span> <span class='ocrx_word' id='word_1_314' title='bbox 753 3958 847 4022; x_wconf 77' lang='lat' dir='ltr'><strong><em>frdnlc,</em></strong></span> <span class='ocrx_word' id='word_1_315' title='bbox 866 3958 972 4024; x_wconf 78' lang='lat' dir='ltr'><strong><em>Koniqe</em></strong></span> <span class='ocrx_word' id='word_1_316' title='bbox 992 3958 1143 4010; x_wconf 81' lang='lat' dir='ltr'><strong><em>Obilderiob</em></strong></span> <span class='ocrx_word' id='word_1_317' title='bbox 1160 3960 1218 4008; x_wconf 92' lang='lat' dir='ltr'><strong><em>und</em></strong></span> <span class='ocrx_word' id='word_1_318' title='bbox 1235 3957 1411 4024; x_wconf 81' lang='lat' dir='ltr'><strong><em>Gblodoocclc&#39;‚</em></strong></span> 
     </span>
     <span class='ocr_line' id='line_1_39' title="bbox 296 4029 1411 4096; baseline 0.003 -18"><span class='ocrx_word' id='word_1_319' title='bbox 296 4029 437 4093; x_wconf 80' lang='lat' dir='ltr'><strong><em>Gottinqae</em></strong></span> <span class='ocrx_word' id='word_1_320' title='bbox 456 4031 533 4094; x_wconf 79' lang='lat'><strong><em>1857,</em></strong></span> <span class='ocrx_word' id='word_1_321' title='bbox 550 4046 578 4094; x_wconf 83' lang='lat' dir='ltr'><strong><em>p.</em></strong></span> <span class='ocrx_word' id='word_1_322' title='bbox 592 4031 634 4083; x_wconf 80' lang='lat'><strong><em>57.</em></strong></span> <span class='ocrx_word' id='word_1_323' title='bbox 708 4029 752 4096; x_wconf 89' lang='lat'><strong><em>10)</em></strong></span> <span class='ocrx_word' id='word_1_324' title='bbox 774 4029 927 4095; x_wconf 89' lang='lat' dir='ltr'><strong><em>Demoison,</em></strong></span> <span class='ocrx_word' id='word_1_325' title='bbox 946 4030 992 4080; x_wconf 84' lang='lat' dir='ltr'><strong><em>‘Le</em></strong></span> <span class='ocrx_word' id='word_1_326' title='bbox 1009 4031 1062 4081; x_wconf 86' lang='lat' dir='ltr'><strong><em>lieu</em></strong></span> <span class='ocrx_word' id='word_1_327' title='bbox 1080 4030 1117 4080; x_wconf 93' lang='lat' dir='ltr'><strong><em>du</em></strong></span> <span class='ocrx_word' id='word_1_328' title='bbox 1135 4029 1251 4095; x_wconf 83' lang='lat' dir='ltr'><strong><em>bopltmc</em></strong></span> <span class='ocrx_word' id='word_1_329' title='bbox 1268 4031 1300 4081; x_wconf 82' lang='lat' dir='ltr'><strong><em>cle</em></strong></span> <span class='ocrx_word' id='word_1_330' title='bbox 1316 4030 1411 4081; x_wconf 72' lang='lat' dir='ltr'><strong><em>Gloois&#39;</em></strong></span> 
     </span>
     <span class='ocr_line' id='line_1_40' title="bbox 295 4099 1459 4167; baseline 0.002 -17"><span class='ocrx_word' id='word_1_331' title='bbox 295 4101 368 4166; x_wconf 78' lang='lat' dir='ltr'><strong><em>opiid</em></strong></span> <span class='ocrx_word' id='word_1_332' title='bbox 387 4100 419 4153; x_wconf 85' lang='lat' dir='ltr'><strong><em>G.</em></strong></span> <span class='ocrx_word' id='word_1_333' title='bbox 438 4099 532 4150; x_wconf 75' lang='lat' dir='ltr'><strong><em>Kurilc</em></strong></span> <span class='ocrx_word' id='word_1_334' title='bbox 551 4099 567 4152; x_wconf 86' lang='lat' dir='ltr'><strong><em>l.</em></strong></span> <span class='ocrx_word' id='word_1_335' title='bbox 586 4100 603 4153; x_wconf 91' lang='lat' dir='ltr'><strong><em>l.</em></strong></span> <span class='ocrx_word' id='word_1_336' title='bbox 623 4100 662 4162; x_wconf 86' lang='grc' dir='ltr'><strong><em>ΙΙ,</em></strong></span> <span class='ocrx_word' id='word_1_337' title='bbox 685 4116 715 4166; x_wconf 89' lang='lat' dir='ltr'><strong><em>p.</em></strong></span> <span class='ocrx_word' id='word_1_338' title='bbox 728 4099 806 4154; x_wconf 80' lang='lat'><strong><em>310².</em></strong></span> <span class='ocrx_word' id='word_1_339' title='bbox 842 4101 941 4152; x_wconf 80' lang='lat' dir='ltr'><strong><em>Editor</em></strong></span> <span class='ocrx_word' id='word_1_340' title='bbox 965 4115 1025 4151; x_wconf 85' lang='lat' dir='ltr'><strong><em>vero</em></strong></span> <span class='ocrx_word' id='word_1_341' title='bbox 1050 4101 1132 4152; x_wconf 83' lang='lat' dir='ltr'><strong><em>buius</em></strong></span> <span class='ocrx_word' id='word_1_342' title='bbox 1157 4100 1264 4166; x_wconf 84' lang='lat' dir='ltr'><strong><em>libril,</em></strong></span> <span class='ocrx_word' id='word_1_343' title='bbox 1287 4117 1316 4167; x_wconf 87' lang='lat' dir='ltr'><strong><em>p.</em></strong></span> <span class='ocrx_word' id='word_1_344' title='bbox 1331 4099 1410 4166; x_wconf 78' lang='lat'><strong><em>324²,</em></strong></span> <span class='ocrx_word' id='word_1_345' title='bbox 1430 4115 1459 4153; x_wconf 68' lang='grc' dir='ltr'><strong><em>ιο</em></strong></span> 
     </span>
     <span class='ocr_line' id='line_1_41' title="bbox 294 4170 1413 4239; baseline 0.004 -19"><span class='ocrx_word' id='word_1_346' title='bbox 294 4171 326 4221; x_wconf 88' lang='lat' dir='ltr'><strong><em>de</em></strong></span> <span class='ocrx_word' id='word_1_347' title='bbox 343 4173 436 4222; x_wconf 72' lang='lat' dir='ltr'><strong><em>itiitere</em></strong></span> <span class='ocrx_word' id='word_1_348' title='bbox 454 4171 502 4223; x_wconf 82' lang='lat' dir='ltr'><strong><em>illo</em></strong></span> <span class='ocrx_word' id='word_1_349' title='bbox 519 4170 590 4221; x_wconf 81' lang='lat' dir='ltr'><strong><em>nibil</em></strong></span> <span class='ocrx_word' id='word_1_350' title='bbox 607 4171 717 4234; x_wconf 77' lang='lat' dir='ltr'><strong><em>definire</em></strong></span> <span class='ocrx_word' id='word_1_351' title='bbox 734 4172 825 4238; x_wconf 85' lang='lat' dir='ltr'><strong><em>uoluit,</em></strong></span> <span class='ocrx_word' id='word_1_352' title='bbox 843 4173 935 4223; x_wconf 85' lang='lat' dir='ltr'><strong><em>silente</em></strong></span> <span class='ocrx_word' id='word_1_353' title='bbox 948 4172 1078 4236; x_wconf 78' lang='lat' dir='ltr'><strong><em>Greporro</em></strong></span> <span class='ocrx_word' id='word_1_354' title='bbox 1092 4187 1141 4222; x_wconf 90' lang='lat' dir='ltr'><strong><em>suo</em></strong></span> <span class='ocrx_word' id='word_1_355' title='bbox 1158 4171 1288 4236; x_wconf 73' lang='lat' dir='ltr'><strong><em>fabuloso,</em></strong></span> <span class='ocrx_word' id='word_1_356' title='bbox 1306 4189 1413 4239; x_wconf 89' lang='lat' dir='ltr'><strong><em>remque</em></strong></span> 
     </span>
     <span class='ocr_line' id='line_1_42' title="bbox 295 4242 1413 4308; baseline 0.003 -17"><span class='ocrx_word' id='word_1_357' title='bbox 295 4243 325 4292; x_wconf 90' lang='lat' dir='ltr'><strong><em>iu</em></strong></span> <span class='ocrx_word' id='word_1_358' title='bbox 349 4242 429 4293; x_wconf 88' lang='lat' dir='ltr'><strong><em>dubio</em></strong></span> <span class='ocrx_word' id='word_1_359' title='bbox 454 4243 603 4308; x_wconf 81' lang='lat' dir='ltr'><strong><em>relinquere</em></strong></span> <span class='ocrx_word' id='word_1_360' title='bbox 628 4243 732 4308; x_wconf 72' lang='lat' dir='ltr'><strong><em>recaluit,</em></strong></span> <span class='ocrx_word' id='word_1_361' title='bbox 758 4245 808 4294; x_wconf 84' lang='lat' dir='ltr'><strong><em>etsi</em></strong></span> <span class='ocrx_word' id='word_1_362' title='bbox 829 4245 887 4294; x_wconf 85' lang='lat' dir='ltr'><strong><em>ueri</em></strong></span> <span class='ocrx_word' id='word_1_363' title='bbox 909 4258 964 4294; x_wconf 91' lang='lat' dir='ltr'><strong><em>non</em></strong></span> <span class='ocrx_word' id='word_1_364' title='bbox 988 4243 1117 4294; x_wconf 79' lang='lat' dir='ltr'><strong><em>dissimile</em></strong></span> <span class='ocrx_word' id='word_1_365' title='bbox 1141 4259 1193 4294; x_wconf 83' lang='lat' dir='ltr'><strong><em>esse</em></strong></span> <span class='ocrx_word' id='word_1_366' title='bbox 1217 4246 1349 4308; x_wconf 85' lang='lat' dir='ltr'><strong><em>concessit,</em></strong></span> <span class='ocrx_word' id='word_1_367' title='bbox 1376 4244 1413 4294; x_wconf 87' lang='lat' dir='ltr'><strong><em>od</em></strong></span> 
     </span>
     <span class='ocr_line' id='line_1_43' title="bbox 294 4313 1413 4381; baseline 0.004 -19"><span class='ocrx_word' id='word_1_368' title='bbox 294 4313 463 4379; x_wconf 79' lang='lat' dir='ltr'><strong><em>seqmlcbrum</em></strong></span> <span class='ocrx_word' id='word_1_369' title='bbox 480 4313 509 4364; x_wconf 82' lang='lat' dir='ltr'><strong><em>S.</em></strong></span> <span class='ocrx_word' id='word_1_370' title='bbox 522 4313 640 4364; x_wconf 84' lang='lat' dir='ltr'><strong><em>Martini</em></strong></span> <span class='ocrx_word' id='word_1_371' title='bbox 660 4313 810 4365; x_wconf 84' lang='lat' dir='ltr'><strong><em>Turmnnse</em></strong></span> <span class='ocrx_word' id='word_1_372' title='bbox 827 4329 913 4380; x_wconf 77' lang='lat' dir='ltr'><strong><em>requn</em></strong></span> <span class='ocrx_word' id='word_1_373' title='bbox 933 4316 1138 4381; x_wconf 82' lang='lat' dir='ltr'><strong><em>pereqrinatum</em></strong></span> <span class='ocrx_word' id='word_1_374' title='bbox 1162 4329 1222 4367; x_wconf 84' lang='lat' dir='ltr'><strong><em>csse.</em></strong></span> <span class='ocrx_word' id='word_1_375' title='bbox 1259 4316 1413 4366; x_wconf 82' lang='lat' dir='ltr'><strong><em>Admireris</em></strong></span> 
     </span>
     <span class='ocr_line' id='line_1_44' title="bbox 294 4384 1413 4454; baseline 0.004 -21"><span class='ocrx_word' id='word_1_376' title='bbox 294 4399 349 4434; x_wconf 89' lang='lat' dir='ltr'><strong><em>non</em></strong></span> <span class='ocrx_word' id='word_1_377' title='bbox 373 4390 429 4435; x_wconf 89' lang='lat' dir='ltr'><strong><em>tom</em></strong></span> <span class='ocrx_word' id='word_1_378' title='bbox 452 4386 625 4436; x_wconf 83' lang='lat' dir='ltr'><strong><em>concessionis</em></strong></span> <span class='ocrx_word' id='word_1_379' title='bbox 642 4385 851 4450; x_wconf 77' lang='lat' dir='ltr'><strong><em>maqnitudiuem</em></strong></span> <span class='ocrx_word' id='word_1_380' title='bbox 869 4401 950 4452; x_wconf 89' lang='lat' dir='ltr'><strong><em>quam</em></strong></span> <span class='ocrx_word' id='word_1_381' title='bbox 972 4384 1115 4451; x_wconf 83' lang='lat' dir='ltr'><strong><em>amboqum</em></strong></span> <span class='ocrx_word' id='word_1_382' title='bbox 1139 4386 1240 4450; x_wconf 77' lang='lat' dir='ltr'><strong><em>malms,</em></strong></span> <span class='ocrx_word' id='word_1_383' title='bbox 1266 4403 1321 4452; x_wconf 88' lang='lat' dir='ltr'><strong><em>qua</em></strong></span> <span class='ocrx_word' id='word_1_384' title='bbox 1346 4403 1413 4454; x_wconf 89' lang='lat' dir='ltr'><strong><em>opus</em></strong></span> 
     </span>
     <span class='ocr_line' id='line_1_45' title="bbox 295 4455 1459 4520; baseline 0.005 -16"><span class='ocrx_word' id='word_1_385' title='bbox 295 4459 354 4504; x_wconf 87' lang='lat' dir='ltr'><strong><em>erat</em></strong></span> <span class='ocrx_word' id='word_1_386' title='bbox 372 4455 409 4504; x_wconf 89' lang='lat' dir='ltr'><strong><em>ad</em></strong></span> <span class='ocrx_word' id='word_1_387' title='bbox 429 4455 554 4520; x_wconf 80' lang='lat' dir='ltr'><strong><em>Greqorii</em></strong></span> <span class='ocrx_word' id='word_1_388' title='bbox 571 4458 756 4507; x_wconf 84' lang='lat' dir='ltr'><strong><em>auctoritatem</em></strong></span> <span class='ocrx_word' id='word_1_389' title='bbox 773 4455 953 4509; x_wconf 81' lang='lat' dir='ltr'><strong><em>seruandam!</em></strong></span> <span class='ocrx_word' id='word_1_390' title='bbox 1430 4471 1459 4510; x_wconf 76' lang='lat' dir='ltr'><strong><em>ib</em></strong></span> 
     </span>
    </p>
   </div>
   <div class='ocr_carea' id='block_1_5' title="bbox 0 0 1620 5034">
    <p class='ocr_par' dir='ltr' id='par_1_7' title="bbox 0 0 1620 5034">
     <span class='ocr_line' id='line_1_46' title="bbox 0 0 1620 5034; baseline 0 0"><span class='ocrx_word' id='word_1_391' title='bbox 0 0 1620 5034; x_wconf 95' lang='lat' dir='ltr'><strong><em> </em></strong></span> 
     </span>
    </p>
   </div>
  </div>
 </body>
</html>
