3222 5030
292 449 328 502 40
506 441 632 510 IONAS,
647 439 765 498 VITAE
783 440 1011 497 COLUMBANI
1029 441 1138 496 LIBRI
1156 442 1195 501 ΙΙ.

293 626 395 705 batur,
419 645 482 706 qua
506 623 604 690 Scotti
626 623 756 689 arbm·es
777 623 815 688 in
837 623 927 688 siluis
950 623 1113 690 caederent
1123 625 1144 705 1,
1167 624 1233 690 sioe
1254 624 1410 690 miraculo

292 713 441 796 stupebat,
475 733 536 796 quo
570 713 718 778 borreum
750 712 910 792 [manento
943 719 1036 778 noctu
1069 713 1242 794 repleretur
1251 715 1272 776 ².
1325 713 1410 778 Eius

292 802 382 883 filius
396 801 629 868 Boboleaus
638 807 712 883 post
725 800 910 881 Bertulsum
925 802 1024 866 obbas
1037 801 1225 868 monasterii
1239 798 1410 868 Bobi'ensis

292 893 404 958 electus
426 897 479 971 est,
503 891 587 972 quod
607 896 730 956 eentum
743 888 978 972 quinquaqinta
991 890 1140 956 monachi
1154 897 1229 956 tune
1243 912 1410 974 occupasse

292 981 451 1060 feruutur.
498 979 536 1044 Is
563 978 739 1044 monimum
768 999 878 1044 curam
906 977 1072 1060 priuileqii
1101 979 1317 1059 confirmandi
1346 1002 1442 1045 ame

286 1067 477 1150 pliandique
488 1066 551 1149 eqit
564 1065 663 1148 illius,
679 1068 763 1149 quod
773 1067 813 1132 ab
825 1067 973 1132 Honorio
981 1088 1072 1149 papa
1086 1069 1228 1133 decessor
1238 1075 1409 1150 acceperat,

292 1176 389 1238 eaque
418 1158 456 1221 de
485 1177 585 1220 causa
607 1154 799 1220 Rotborium
828 1175 931 1236 reqem
954 1155 1240 1238 Lanqobardorum
1267 1163 1295 1221 et
1323 1157 1410 1222 Gun-

292 1244 465 1326 diberqam,
488 1245 546 1309 sub
568 1263 701 1324 quorum
721 1243 904 1322 defensioue
925 1244 1152 1310 monasterium
1167 1245 1307 1326 positum
1330 1253 1408 1327 erat,

292 1332 384 1413 adiit,
408 1339 444 1398 ut
458 1334 547 1417 apud
568 1334 670 1398 sedem
685 1332 889 1416 apostolicam
904 1331 966 1398 sibi
980 1332 1247 1416 suffraqarentur.
1287 1335 1410 1398 Eorum

292 1421 516 1487 intercessione
542 1422 727 1486 Tleeodorus
743 1442 834 1503 papa
856 1443 887 1486 a.
906 1427 980 1502 643,
1004 1421 1055 1486 die
1079 1430 1109 1486 4.
1126 1422 1226 1502 Maii,
1249 1421 1410 1488 Boboleno
1430 1451 1455 1490 ιο

294 1508 480 1592 ‘presbytero
503 1515 532 1574 et
554 1509 671 1576 abbati'
694 1515 832 1591 optatam
856 1509 1021 1593 pritileqii
1046 1511 1318 1590 confirmationem
1341 1532 1409 1577 eon·

292 1598 393 1664 cessit.
428 1598 524 1664 Patri
535 1598 722 1674 monasterii
737 1598 851 1680 totique
862 1599 1099 1681 eouqreqationi
1109 1599 1285 1681 episcopum
1296 1599 1410 1681 eliqere

293 1686 413 1767 licebat,
431 1708 494 1768 per
516 1707 606 1768 quem
628 1686 801 1752 missarum
815 1687 980 1752 sollemnia
996 1688 1229 1754 celebrarentur
1250 1695 1307 1753 out
1321 1710 1410 1770 pres-

293 1775 393 1858 bpteri
416 1775 605 1858 diaconique
634 1776 681 1842 oel
711 1776 836 1842 tabulae
866 1775 902 1840 iu
932 1775 1045 1858 quibus
1067 1776 1183 1842 missae
1206 1777 1410 1842 celebrandae

292 1870 394 1930 essent
409 1870 677 1944 consecrarentur,
702 1885 830 1946 maeque
848 1864 1075 1930 monasterium
1090 1865 1276 1947 inpressum,
1301 1866 1410 1947 officio
1429 1893 1455 1933 a

291 1973 383 2018 sacro
412 1953 562 2034 absoluto,
592 1953 700 2018 statim
729 1953 819 2019 abire
848 1975 905 2020 nec
933 1953 1100 2035 quicquam
1123 1953 1224 2035 pretii
1246 1955 1411 2036 postulare

290 2042 345 2122 fas
374 2048 452 2108 erat.
500 2041 613 2108 Etiam
641 2041 767 2108 seueris
795 2041 983 2108 monasterii
1011 2042 1080 2125 ipse
1102 2043 1340 2124 prohibebatur,
1371 2065 1410 2108 ne

290 2130 397 2212 quieta
419 2132 645 2197 monachorum
667 2131 735 2196 uita
757 2133 947 2197 turbaretur.
991 2131 1164 2196 Praeterea
1186 2132 1408 2213 sacerdotibus,

291 2219 357 2284 nisi
379 2226 482 2284 essent
510 2220 620 2301 ooeati,
646 2226 785 2301 potestas
815 2219 943 2284 omuino
967 2220 1058 2284 nulla
1086 2220 1124 2284 iu
1146 2219 1337 2286 monasterio
1360 2241 1409 2284 eca-

291 2309 426 2373 ercenda
449 2315 518 2373 erat
547 2329 646 2390 neque
668 2307 705 2372 in
727 2310 820 2372 rebus
842 2328 941 2387 neque
964 2308 999 2371 in
1022 2308 1172 2388 personis
1198 2309 1409 2390 ordinandis,·
1428 2333 1454 2372 eo

290 2398 389 2462 abbas
411 2418 484 2462 oero
500 2403 575 2478 post
596 2402 725 2462 mortem
742 2395 853 2476 patris
870 2395 900 2458 is
919 2395 1120 2461 ordinandus
1134 2403 1213 2478 erat,
1237 2418 1326 2479 quem
1345 2404 1409 2462 tota

291 2485 490 2568 conpreqatio
524 2485 672 2568 eleqisset.
726 2483 887 2566 Inprimis
921 2484 1061 2566 episcopo
1095 2485 1279 2551 dioecesano
1312 2485 1408 2552 iuter·

290 2574 408 2640 dictum
438 2581 516 2654 erat,
547 2595 587 2639 ne
608 2571 816 2655 priuileqium
845 2571 1040 2655 infrinqeret
1067 2581 1124 2638 aut
1153 2574 1299 2640 eeclesias
1328 2574 1408 2640 deci·

289 2684 417 2744 masque
438 2661 625 2728 monasterii
647 2667 826 2742 usurparet.
867 2660 1054 2741 Disciplina
1077 2662 1165 2728 intra
1183 2663 1408 2728 monasterium

284 2752 376 2833 patri
398 2750 608 2830 conueniebat,
633 2749 685 2814 eui
707 2748 855 2814 monachi
878 2749 975 2830 tepidi
998 2753 1042 2815 ad
1063 2752 1207 2832 requlam
1227 2751 1408 2834 corripendi
1427 2777 1453 2816 ss

290 2846 401 2921 eraut,·
418 2839 472 2904 sin
486 2839 554 2920 ipse
565 2859 635 2902 eam
646 2837 839 2918 ueqlercisset,
856 2837 1141 2920 sedisapostolicae
1156 2840 1409 2906 iurisdictionem

289 2928 415 2993 subibat
424 2929 444 2990 ³.
493 2924 619 2992 Similis
648 2926 828 3007 arqumeuti
852 2934 1056 3011 praeceptum
1085 2930 1125 2992 ab
1155 2929 1222 3010 ipso
1249 2929 1408 2994 Ilotltario

290 3038 360 3098 repe
382 3014 574 3080 monasterio
597 3035 774 3080 concessum
797 3015 921 3080 uidetur
943 3037 1017 3097 esse,
1041 3037 1136 3097 eoque
1153 3017 1290 3100 inspecto
1306 3017 1408 3082 Redo-

289 3105 382 3170 aldus
412 3104 501 3184 filius
534 3102 636 3186 ipsius
666 3102 837 3169 ‘Bobuleuo
867 3104 974 3170 abbati
1004 3111 1033 3170 et
1057 3107 1250 3188 presbytero'
1277 3128 1306 3169 a.
1333 3113 1406 3187 652,

290 3193 341 3260 die
371 3200 401 3259 4.
427 3191 616 3264 Nouembris
639 3214 753 3258 nooum
776 3193 869 3274 dedit,
900 3195 984 3275 quod
1010 3194 1114 3259 adbuc
1136 3202 1283 3276 superest.
1330 3195 1408 3275 Epi-
1427 3221 1453 3259 eo

288 3282 374 3365 scopi
404 3281 583 3346 dioecesani
612 3288 760 3363 potestate
788 3283 921 3364 sublato,
957 3284 1002 3348 ad
1029 3285 1205 3349 sacrandos
1233 3285 1408 3348 sacerdotes

289 3371 466 3452 episcopum
488 3370 652 3451 quem-libet
679 3371 843 3436 monacbis
873 3393 1030 3437 arcessere
1059 3393 1116 3438 rea
1139 3372 1296 3452 permisit,
1326 3373 1408 3436 duas

288 3479 361 3524 aero
384 3459 583 3524 condiciones
605 3459 730 3540 adiecit,
760 3467 796 3524 ut
823 3459 960 3526 ‘deintra
983 3460 1075 3542 requi
1103 3460 1205 3541 ipsius
1228 3459 1406 3524 terminum'

288 3547 455 3629 eliqeretur
495 3554 587 3628 utque
628 3549 740 3614 electus
782 3548 819 3612 in
859 3547 1004 3612 notitiam
1047 3547 1149 3628 ipsius
1187 3547 1408 3628 perferretur,·

288 3635 361 3701 item
383 3637 515 3701 'abbatis
545 3636 682 3718 eliqendi
710 3636 895 3715 facultatem
923 3634 1114 3700 monasterio
1141 3637 1242 3698 denuo
1265 3633 1376 3698 obtulit
1384 3637 1405 3697 4.
1427 3662 1453 3702 es

290 3845 316 3915 1)
336 3845 365 3899 V.
386 3845 501 3900 Oolumb.
522 3846 616 3914 I,15.v
669 3844 860 3912 2)1o.l,17.
925 3842 952 3912 3)
972 3843 1016 3894 Ea
1035 3857 1101 3909 quae
1115 3847 1257 3908 praeterea
1275 3845 1305 3894 iu
1319 3847 1407 3910 priui-

288 3918 356 3983 lepio
376 3918 477 3982 papuli
500 3919 551 3981 (ed.
570 3920 600 3968 in
627 3916 697 3969 Hist.
719 3918 830 3982 patriae
853 3929 969 3967 monum.
990 3914 1126 3980 Chartl,
1146 3915 1193 3968 col.
1212 3916 1247 3976 6,·
1274 3915 1310 3978 af.
1330 3914 1410 3982 Jarrt

287 4004 314 4041 u.
327 3986 426 4054 20532)
445 3995 620 4053 errarrantur,
641 3987 737 4039 scilicet
749 3989 861 4036 mitram
874 3986 981 4051 aliaque
994 3985 1165 4050 pontificalia
1182 3985 1274 4038 abbati
1289 4001 1408 4040 cornessa

288 4075 348 4124 esse,
367 4063 502 4126 suspectae
520 4057 583 4121 fidei
598 4064 677 4122 sunt,·
702 4059 735 4121 ef.
754 4057 902 4121 Muratori,
921 4056 1036 4107 ‘Annali
1052 4055 1176 4108 d'Italia'
1194 4057 1248 4124 IV,
1261 4059 1303 4114 92.
1334 4059 1408 4126 Apo.

285 4130 412 4197 qrapbon
430 4131 499 4181 enim
517 4130 636 4182 a.1172.
655 4134 798 4178 exaratum
823 4143 905 4194 wem
929 4129 1047 4180 mariun
1064 4129 1246 4180 adrimetum
1272 4134 1309 4180 est
1326 4145 1407 4195 rosque
1424 4140 1452 4178 so

287 4216 348 4252 vero
365 4203 436 4252 inter
453 4201 640 4266 supposititias
657 4199 779 4249 clamem
797 4199 926 4263 referam,
951 4215 1010 4250 oum
1035 4200 1155 4263 formula
1172 4205 1329 4268 cornparata
1347 4215 1407 4250 cum

287 4275 405 4337 qeuuina
439 4270 700 4335 Burqundofaronis
734 4270 830 4320 charta
866 4272 895 4320 in
931 4272 1085 4321 uniuersum
1121 4278 1242 4323 constare
1277 4271 1405 4326 rideatur.

288 4341 316 4410 4)
342 4343 516 4412 Prameptum
541 4340 673 4393 liodoaldi
697 4341 750 4406 (ed.
769 4340 842 4394 Hist.
859 4343 969 4408 patriae
993 4357 1108 4395 monum.
1128 4343 1223 4398 Clari.
1242 4342 1267 4403 I,
1293 4342 1339 4396 col.
1359 4345 1407 4404 10)

288 4429 321 4463 en
340 4412 497 4480 apoqraplio
514 4427 579 4466 saec.
599 4412 649 4466 IX.
668 4419 717 4464 aut
735 4412 770 4465 X.
790 4411 887 4463 editum
908 4413 1047 4480 perumlta
1071 4414 1148 4464 ualde
1165 4415 1261 4466 rustici
1276 4415 1407 4466 sermonis
