3226 5034
292 470 346 522 322
533 463 657 533 IONAS,
671 463 766 519 VITA
784 463 975 519 IOHANNIS
994 463 1170 521 ABBATIS.

293 648 463 714 Auallonis
473 647 536 729 ille,
552 647 608 729 aui
619 654 692 730 past
707 645 902 712 Obildeberti
912 653 1041 713 mortem
1055 643 1076 725 (
1070 669 1101 710 a.
1115 653 1178 711 558
1176 645 1197 730 )
1214 646 1412 713 Germanum

293 737 470 820 episcopum
504 739 549 802 ad
575 736 755 818 mundium
788 735 940 802 inuitauit
948 737 969 817 ¹,
1008 735 1163 817 expeditio
1201 735 1412 800 I'beudeberti

292 826 377 910 repis
392 825 511 892 Italica
531 821 573 904 (o.
592 827 648 909 15)
669 848 700 890 a.
714 831 789 890 539.
805 825 895 904 facta
909 824 1153 907 pestilentiaque
1168 823 1279 908 prauis
1296 820 1337 902 (c.
1353 825 1410 906 17)

293 937 323 980 a.
342 921 417 979 543.
461 914 541 981 Cum
569 914 731 996 posterius
764 914 955 978 mirandum
988 915 1112 979 nullum
1141 919 1328 979 enarratum
1357 912 1410 993 sit,

292 1003 464 1069 omisimile
494 1009 547 1085 est,
582 1009 726 1068 sanctum
750 1003 851 1084 paulo
875 1009 949 1084 past
971 1003 1154 1082 defunctum
1176 1023 1250 1084 esse,
1285 1002 1309 1066 i.
1333 1023 1358 1066 e.
1384 1023 1448 1066 as

293 1115 324 1156 a.
342 1098 416 1173 544,
440 1113 538 1174 neque
560 1090 800 1172 interpolationi
823 1097 924 1156 tectus
942 1091 1126 1157 recentioris
1147 1091 1335 1156 credendum
1355 1096 1410 1171 est,

292 1181 348 1246 ubi
370 1204 401 1246 a.
420 1187 494 1245 539.
518 1179 690 1245 traddur2.
729 1181 844 1244 Annos
867 1179 994 1246 circiter
1016 1186 1077 1244 120
1096 1181 1260 1262 complesse
1283 1178 1410 1260 dicitur,

293 1271 431 1352 sepultus
454 1269 543 1334 baud
564 1269 679 1350 procrd
701 1290 722 1332 a
744 1268 936 1334 monasterio
965 1268 1003 1334 in
1032 1268 1100 1332 eius
1129 1268 1258 1350 finibus,
1290 1269 1354 1334 loca
1377 1275 1414 1332 ut

289 1357 500 1442 probabiliter
528 1357 692 1438 conicitur,
727 1357 782 1439 qui
816 1357 938 1438 Corpus
967 1357 1071 1423 sancti
1100 1355 1210 1438 (bodie
1244 1356 1411 1438 Corsaint)

293 1447 368 1511 alim
401 1448 581 1512 uocabatur.
627 1446 711 1510 Eius
743 1446 835 1525 fama
869 1453 943 1510 ante
971 1446 1078 1512 Vitam
1112 1446 1323 1530 conscriptam
1356 1446 1413 1510 cia
1435 1471 1464 1509 ιο

288 1535 477 1617 percrebuit,
502 1535 573 1600 licet
589 1535 731 1616 Sequani
749 1533 848 1600 nicini
864 1535 1003 1617 Sepestri
1020 1535 1209 1600 monasterii
1227 1534 1408 1615 conatione,

181 1637 276 1688 ’re-⁵⁰⁸.
293 1624 349 1706 aui
378 1646 447 1689 eum
478 1623 594 1706 'ipsum
616 1623 803 1688 visitaverat
811 1624 832 1704 ³,
867 1623 1070 1690 meminerint
1098 1631 1128 1688 ct
1154 1623 1351 1706 Greparius⁴
1383 1631 1413 1689 et
1495 1665 1500 1671 -

293 1719 403 1778 auctor
418 1711 647 1796 Martprolopii
662 1711 916 1795 Hieronymiani
925 1713 949 1794 ⁵,·
965 1719 1077 1794 postea
1099 1734 1172 1777 cero
1194 1712 1291 1792 fastis
1308 1713 1413 1778 sacris

292 1801 478 1867 monasterii
497 1801 709 1866 Luaooiensis
731 1801 783 1865 die
805 1822 865 1882 quo
889 1801 1029 1866 obierat⁶
1053 1809 1105 1866 28.
1122 1801 1279 1867 Ianuarii
1301 1801 1413 1866 illatus

293 1897 339 1955 est
359 1889 411 1955 bis
433 1891 536 1955 uerbis
547 1891 569 1954 ⁷:
592 1891 633 1954 V.
653 1891 711 1954 Kl.
731 1889 814 1954 Feb.
835 1892 928 1974 deps.
949 1892 1061 1956 sancii
1080 1891 1247 1958 Iohannis
1264 1892 1410 1956 abbatis.
1435 1914 1464 1954 ια

294 1980 461 2045 Successor
495 1981 534 2044 ab
569 2000 603 2044 eo
637 1978 706 2060 ipso
736 1978 912 2043 destinatus
940 1979 1089 2044 Silvester
1123 1981 1229 2061 abbas,
1265 1979 1320 2061 aui
1351 2002 1412 2064 per

292 2069 419 2151 lonpum
449 2074 568 2150 tempus
597 2069 718 2146 florens
748 2067 799 2132 die
827 2074 875 2132 15.
900 2067 1027 2150 Aprilis
1050 2068 1217 2148 defunctus
1246 2075 1299 2149 est,
1335 2069 1412 2134 Ger-

292 2157 383 2222 mani
413 2156 549 2239 episcopi
573 2156 773 2221 Parisiensis
797 2153 838 2234 (c.
863 2179 893 2221 a.
913 2159 1118 2240 555—576)
1143 2157 1287 2238 aequalis
1310 2159 1409 2222 erat⁸.

292 2245 377 2311 Eius
409 2245 500 2310 iussu
529 2245 749 2310 Mammulus⁹
783 2252 981 2327 capnomento
1003 2246 1153 2310 Bonus1⁰
1186 2245 1412 2310 monasterium

290 2330 1413 2505 tiltdlbltltll’ttltuillitati){imbibitas
1433 2358 1463 2397 ²⁰

293 2533 354 2594 quo
370 2511 505 2593 patroni
528 2533 641 2594 corpus
665 2513 698 2578 S.
716 2511 884 2577 Mauricio
907 2534 1000 2578 sacro
1023 2513 1074 2578 die
1098 2518 1151 2576 22.
1175 2513 1258 2595 Sept.
1282 2513 1319 2577 in
1342 2535 1412 2577 mim

293 2621 354 2682 quo
372 2601 475 2665 Ionae
498 2607 633 2682 tempore
650 2607 721 2666 erat
737 2601 837 2666 locum
856 2602 1047 2666 translatum
1065 2608 1119 2667 est.
1159 2602 1204 2665 In
1227 2602 1287 2667 bac
1310 2608 1412 2666 trans·

293 2688 411 2754 latione
434 2689 470 2754 V.
487 2688 648 2754 lobannis
671 2687 797 2754 desinit.

401 2777 565 2843 Posterior
582 2777 650 2842 eius
665 2800 750 2860 pars
767 2799 832 2843 non
850 2779 950 2843 solum
968 2780 1032 2858 lide
1050 2779 1150 2862 dipna
1167 2785 1220 2860 est,
1245 2781 1301 2844 scd
1317 2779 1412 2844 etiam
1432 2802 1463 2841 m

293 2866 331 2932 in
360 2865 404 2931 iis
432 2887 513 2948 quae
542 2867 580 2931 de
610 2866 807 2951 expeditione
834 2867 1042 2932 Tbeudeberti
1065 2867 1185 2933 Italica
1215 2875 1413 2933 enarrantur

294 2957 339 3021 ad
367 2955 535 3021 bistariam
565 2955 823 3022 conscribendam
857 2956 983 3038 aliquid
1014 2957 1155 3038 confert·
1182 2956 1279 3039 prior
1308 2963 1413 3020 autem

293 3065 359 3110 non
381 3044 429 3108 ita
447 3046 653 3126 approbatur.
693 3045 873 3110 Iohannem
889 3046 1045 3110 consulem
1066 3045 1194 3110 Gallias
1208 3047 1265 3110 sub
1284 3044 1413 3127 imperii

293 3132 364 3197 iure
379 3133 498 3198 recisse
515 3129 556 3211 (c.
570 3132 615 3216 2),
629 3156 748 3215 parum
768 3140 1010 3200 cousentaneum
1025 3140 1080 3211 est,
1096 3135 1240 3216 locusque
1255 3141 1413 3200 auctorem
1462 3207 1465 3213 ¹

186 3411 190 3425 .
295 3379 322 3445 1)
342 3378 496 3444 Fortunat,
515 3378 546 3433 V.
561 3379 693 3429 Germani
709 3395 730 3434 e.
743 3383 786 3433 30.
805 3381 849 3434 31.
922 3381 949 3446 2)
977 3379 1064 3431 Leuis
1089 3396 1106 3430 a
1129 3381 1251 3447 Bolerio,
1277 3380 1414 3432 Recrnaus
1433 3397 1464 3438 eo

290 3467 319 3517 p.
332 3452 377 3512 23,
402 3449 480 3500 Vitae
499 3450 522 3501 0
542 3451 660 3501 insertus
684 3451 742 3502 bt'c:
767 3465 839 3504 anno
857 3449 969 3502 Domini
994 3453 1055 3517 512,
1081 3449 1157 3502 iuxta
1182 3450 1256 3518 quod
1281 3449 1309 3502 in
1335 3450 1412 3517 cyclo

293 3519 368 3573 beati
387 3518 507 3572 Victurii
532 3519 654 3587 episcopi
679 3525 839 3573 numeretur
857 3525 904 3587 (=
925 3524 1021 3588 5391).
1042 3521 1130 3588 Cin),
1154 3525 1204 3588 qui
1227 3525 1256 3573 in
1280 3521 1413 3574 codicibus

294 3593 402 3642 minime
420 3591 525 3657 lepitur,
551 3607 584 3642 eu
603 3592 670 3643 libro
689 3595 804 3660 computi
820 3593 993 3644 Reomoensie
1018 3596 1176 3646 monasterii
1198 3595 1254 3654 iam
1276 3594 1413 3659 deperdim

294 3663 470 3728 interpolatus
488 3662 669 3728 videturesse,
688 3666 717 3714 in
735 3679 786 3730 quo
804 3666 883 3714 ctiam
902 3665 1002 3715 conditi
1018 3667 1175 3716 monasterii
1190 3667 1288 3715 ‘annus
1300 3665 1415 3715 Domini

293 3733 357 3788 415’
375 3734 446 3797 (scil.
466 3733 639 3785 Victorianus
657 3759 689 3776 =
709 3737 770 3789 442.
792 3735 1071 3801 pampinandus
1095 3741 1160 3788 erat.
1197 3733 1290 3786 Huius
1314 3736 1414 3786 calculi
1432 3753 1463 3793 ³5

293 3811 428 3856 auctorem
447 3810 508 3857 ante
525 3821 591 3858 scca.
612 3805 689 3858 VIII.
708 3806 782 3870 med,
809 3821 860 3872 quo
877 3807 988 3857 Victmn‘i
1001 3805 1133 3873 paschale
1151 3806 1280 3858 abolitum
1296 3811 1342 3870 eu,
1367 3823 1414 3859 ne·

293 3891 343 3942 que
360 3891 419 3928 aero
437 3877 519 3928 multo
538 3883 598 3928 anu
615 3877 716 3941 depisse
731 3877 875 3928 monimen
893 3883 937 3930 est.
992 3879 1019 3945 3)
1039 3878 1069 3929 V.
1082 3878 1139 3931 Iob.
1153 3893 1172 3932 o.
1189 3880 1229 3932 14.
1283 3879 1311 3944 4)
1333 3878 1412 3929 Atta-

294 3963 353 3999 men
371 3946 505 3999 Iohannes
529 3964 547 3998 a
567 3949 697 4014 Grsporio
717 3949 926 4014 pradermissus
943 3950 973 3998 in
999 3950 1082 4000 codice
1100 3950 1260 4015 interpolato
1279 3950 1326 4002 lu*
1347 3949 1414 3999 libri

294 4021 324 4069 in
351 4019 392 4072 Gi.
414 4019 490 4084 Cous.
510 4025 570 4070 ante
596 4034 617 4073 c.
635 4021 679 4082 86,
704 4018 752 4069 ubi
775 4019 806 4069 de
831 4019 954 4084 Sequano
978 4022 1079 4085 apitur,
1105 4019 1191 4071 locum
1215 4022 1271 4070 iam
1295 4026 1412 4086 occupat.

295 4091 322 4156 ὅ)
344 4090 404 4144 An.
418 4091 466 4143 SS.
479 4090 544 4142 Noa.
558 4090 597 4154 ΙΙ,
613 4093 636 4156 1,
651 4105 681 4156 p.
695 4089 766 4158 [122]
776 4106 814 4156 sq.
870 4091 897 4156 6)
920 4089 949 4144 V.
963 4090 1020 4143 Iob.
1034 4105 1055 4140 c.
1070 4091 1111 4145 19.
1167 4092 1194 4160 7)
1215 4091 1259 4145 ‘N.
1273 4091 1412 4154 Arcb.'X‚
1430 4109 1463 4149 40

289 4177 320 4227 p.
340 4163 383 4215 92.
455 4160 484 4229 8)
511 4161 553 4224 Cf.
573 4162 694 4227 Fortun,
714 4162 743 4214 V.
758 4161 889 4213 (immani
913 4177 933 4214 c.
947 4164 994 4216 35:
1014 4158 1133 4229 Quidam
1159 4161 1273 4214 clericus
1299 4161 1412 4215 dciuxta

294 4230 460 4282 monasterio
485 4230 559 4283 beati
582 4229 707 4283 silvestri
731 4231 760 4282 in
786 4231 1015 4284 Ternoderinsem
1040 4239 1064 4284 et
1086 4249 1110 4300 q.
1133 4249 1155 4286 s.
1196 4235 1242 4286 Ea
1267 4234 1316 4285 boc
1340 4237 1412 4286 anti-

294 4304 421 4367 quissimo
439 4304 585 4354 testimonio
603 4304 725 4354 concludi
742 4303 807 4368 licet,
825 4303 928 4354 abbatis
944 4306 1098 4371 quicumque
1113 4305 1215 4356 sedebat
1231 4307 1337 4358 nominc
1354 4322 1411 4358 mo·

294 4375 441 4422 musterium
455 4375 547 4438 primo
565 4379 685 4425 uocatum
704 4390 763 4428 esse.
819 4375 845 4442 9)
865 4371 1035 4426 Mumulinus
1053 4391 1146 4427 nomen
1164 4378 1193 4426 in
1212 4375 1241 4429 V.
1255 4375 1314 4430 Iob.
1333 4391 1352 4430 c.
1369 4379 1410 4430 19.

292 4457 436 4506 perperam
454 4447 583 4509 scriptum
603 4450 647 4502 est,
721 4447 765 4512 10)
789 4445 877 4511 Grec,
896 4445 934 4496 Η.
952 4445 1001 4501 Fr.
1020 4447 1050 4511 V,
1064 4449 1089 4501 5.
1430 4463 1461 4503 45
