<?xml version="1.0" encoding="UTF-8"?>
<!DOCTYPE html PUBLIC "-//W3C//DTD XHTML 1.0 Transitional//EN"
    "http://www.w3.org/TR/xhtml1/DTD/xhtml1-transitional.dtd">
<html xmlns="http://www.w3.org/1999/xhtml" xml:lang="en" lang="en">
 <head>
  <title>
</title>
<meta http-equiv="Content-Type" content="text/html;charset=utf-8" />
  <meta name='ocr-system' content='tesseract 3.04.00' />
  <meta name='ocr-capabilities' content='ocr_page ocr_carea ocr_par ocr_line ocrx_word'/>
</head>
<body>
  <div class='ocr_page' id='page_1' title='image "./ionaevitaesanct00krusgoog_0135.png"; bbox 0 0 3222 5032; ppageno 0'>
   <div class='ocr_carea' id='block_1_1' title="bbox 442 467 1343 536">
    <p class='ocr_par' dir='ltr' id='par_1_1' title="bbox 442 467 1343 536">
     <span class='ocr_line' id='line_1_1' title="bbox 442 467 1343 536; baseline 0.012 -15"><span class='ocrx_word' id='word_1_1' title='bbox 442 467 567 536; x_wconf 70' lang='lat' dir='ltr'><em>Ionae,</em></span> <span class='ocrx_word' id='word_1_2' title='bbox 580 467 701 522; x_wconf 79' lang='lat' dir='ltr'><strong><em>VITAE</em></strong></span> <span class='ocrx_word' id='word_1_3' title='bbox 721 468 948 524; x_wconf 77' lang='lat' dir='ltr'><strong><em>COLUMBANI</em></strong></span> <span class='ocrx_word' id='word_1_4' title='bbox 965 469 1073 525; x_wconf 84' lang='lat' dir='ltr'><strong>LIBRI</strong></span> <span class='ocrx_word' id='word_1_5' title='bbox 1090 470 1130 528; x_wconf 92' lang='lat' dir='ltr'><em>H.</em></span> <span class='ocrx_word' id='word_1_6' title='bbox 1292 477 1343 531; x_wconf 76' lang='lat'><em>11⁹</em></span> 
     </span>
    </p>
   </div>
   <div class='ocr_carea' id='block_1_2' title="bbox 223 649 1343 913">
    <p class='ocr_par' dir='ltr' id='par_1_2' title="bbox 223 649 1343 913">
     <span class='ocr_line' id='line_1_2' title="bbox 231 649 1343 733; baseline 0.009 -21"><span class='ocrx_word' id='word_1_7' title='bbox 231 649 340 729; x_wconf 82' lang='lat' dir='ltr'><em>Neque</em></span> <span class='ocrx_word' id='word_1_8' title='bbox 373 671 445 714; x_wconf 88' lang='lat' dir='ltr'><em>oero</em></span> <span class='ocrx_word' id='word_1_9' title='bbox 475 672 581 716; x_wconf 88' lang='lat' dir='ltr'><em>ornnes</em></span> <span class='ocrx_word' id='word_1_10' title='bbox 609 673 690 733; x_wconf 80' lang='lat' dir='ltr'><em>quoue</em></span> <span class='ocrx_word' id='word_1_11' title='bbox 718 651 755 715; x_wconf 91' lang='lat' dir='ltr'><em>in</em></span> <span class='ocrx_word' id='word_1_12' title='bbox 778 651 842 715; x_wconf 83' lang='lat' dir='ltr'><em>Aa</em></span> <span class='ocrx_word' id='word_1_13' title='bbox 873 659 1042 717; x_wconf 85' lang='lat' dir='ltr'><em>occurrunt</em></span> <span class='ocrx_word' id='word_1_14' title='bbox 1070 651 1215 718; x_wconf 85' lang='lat' dir='ltr'><em>lectiones</em></span> <span class='ocrx_word' id='word_1_15' title='bbox 1244 656 1343 722; x_wconf 85' lang='lat' dir='ltr'><em>lonae</em></span> 
     </span>
     <span class='ocr_line' id='line_1_3' title="bbox 229 740 1342 822; baseline 0.006 -21"><span class='ocrx_word' id='word_1_16' title='bbox 229 743 321 802; x_wconf 92' lang='lat' dir='ltr'><em>notae</em></span> <span class='ocrx_word' id='word_1_17' title='bbox 349 745 432 820; x_wconf 88' lang='lat' dir='ltr'><em>sunt,</em></span> <span class='ocrx_word' id='word_1_18' title='bbox 463 761 479 804; x_wconf 90' lang='lat' dir='ltr'><em>c</em></span> <span class='ocrx_word' id='word_1_19' title='bbox 508 741 594 819; x_wconf 89' lang='lat' dir='ltr'><em>fonte</em></span> <span class='ocrx_word' id='word_1_20' title='bbox 624 740 737 822; x_wconf 79' lang='lat' dir='ltr'><em>optineo</em></span> <span class='ocrx_word' id='word_1_21' title='bbox 766 741 973 821; x_wconf 76' lang='lat' dir='ltr'><em>depromptae,</em></span> <span class='ocrx_word' id='word_1_22' title='bbox 1004 743 1059 805; x_wconf 89' lang='lat' dir='ltr'><em>sed</em></span> <span class='ocrx_word' id='word_1_23' title='bbox 1085 742 1202 807; x_wconf 85' lang='lat' dir='ltr'><em>multae</em></span> <span class='ocrx_word' id='word_1_24' title='bbox 1225 742 1272 807; x_wconf 86' lang='lat' dir='ltr'><em>ili</em></span> <span class='ocrx_word' id='word_1_25' title='bbox 1294 746 1342 809; x_wconf 90' lang='lat' dir='ltr'><em>de-</em></span> 
     </span>
     <span class='ocr_line' id='line_1_4' title="bbox 223 826 1342 913; baseline 0.008 -24"><span class='ocrx_word' id='word_1_26' title='bbox 223 826 466 907; x_wconf 77' lang='lat' dir='ltr'><em>prehenduntur</em></span> <span class='ocrx_word' id='word_1_27' title='bbox 494 829 699 893; x_wconf 74' lang='lat' dir='ltr'><em>correctiones</em></span> <span class='ocrx_word' id='word_1_28' title='bbox 733 829 937 909; x_wconf 86' lang='lat' dir='ltr'><em>arbitrariae,</em></span> <span class='ocrx_word' id='word_1_29' title='bbox 971 829 1063 894; x_wconf 87' lang='lat' dir='ltr'><em>rnnlti</em></span> <span class='ocrx_word' id='word_1_30' title='bbox 1095 830 1210 912; x_wconf 79' lang='lat' dir='ltr'><em>tintus,</em></span> <span class='ocrx_word' id='word_1_31' title='bbox 1243 853 1342 913; x_wconf 80' lang='lat' dir='ltr'><em>neque</em></span> 
     </span>
    </p>
   </div>
   <div class='ocr_carea' id='block_1_3' title="bbox 175 913 1343 4546">
    <p class='ocr_par' dir='ltr' id='par_1_3' title="bbox 228 913 1343 1001">
     <span class='ocr_line' id='line_1_5' title="bbox 228 913 1343 1001; baseline 0.008 -24"><span class='ocrx_word' id='word_1_32' title='bbox 228 913 485 996; x_wconf 75' lang='lat' dir='ltr'><em>interpolationes</em></span> <span class='ocrx_word' id='word_1_33' title='bbox 514 919 634 982; x_wconf 89' lang='lat' dir='ltr'><em>desunt.</em></span> <span class='ocrx_word' id='word_1_34' title='bbox 687 918 732 982; x_wconf 88' lang='lat' dir='ltr'><em>Iu</em></span> <span class='ocrx_word' id='word_1_35' title='bbox 762 917 862 982; x_wconf 87' lang='lat' dir='ltr'><em>locurn</em></span> <span class='ocrx_word' id='word_1_36' title='bbox 892 917 1043 1000; x_wconf 78' lang='lat' dir='ltr'><em>Sipilerti</em></span> <span class='ocrx_word' id='word_1_37' title='bbox 1075 919 1160 1001; x_wconf 84' lang='lat' dir='ltr'><em>repis</em></span> <span class='ocrx_word' id='word_1_38' title='bbox 1188 919 1343 986; x_wconf 81' lang='lat' dir='ltr'><em>librarius</em></span> 
     </span>
    </p>

    <p class='ocr_par' dir='ltr' id='par_1_4' title="bbox 197 1001 662 1070">
     <span class='ocr_line' id='line_1_6' title="bbox 197 1001 662 1070; baseline 0.015 -7"><span class='ocrx_word' id='word_1_39' title='bbox 197 1025 209 1063; x_wconf 79' lang='lat' dir='ltr'><em>s</em></span> <span class='ocrx_word' id='word_1_40' title='bbox 233 1001 463 1070; x_wconf 80' lang='lat' dir='ltr'><em>Olcildelertnm</em></span> <span class='ocrx_word' id='word_1_41' title='bbox 485 1005 662 1070; x_wconf 77' lang='lat' dir='ltr'><em>substituit:</em></span> 
     </span>
    </p>

    <p class='ocr_par' dir='ltr' id='par_1_5' title="bbox 228 1091 1341 1351">
     <span class='ocr_line' id='line_1_7' title="bbox 273 1091 1340 1178; baseline 0.006 -22"><span class='ocrx_word' id='word_1_42' title='bbox 273 1093 302 1173; x_wconf 91' lang='lat' dir='ltr'><em>I,</em></span> <span class='ocrx_word' id='word_1_43' title='bbox 321 1099 351 1156; x_wconf 87' lang='lat'><em>6.</em></span> <span class='ocrx_word' id='word_1_44' title='bbox 398 1091 573 1178; x_wconf 80' lang='lat' dir='ltr'><em>Sigiberti]</em></span> <span class='ocrx_word' id='word_1_45' title='bbox 588 1095 677 1176; x_wconf 68' lang='lat' dir='ltr'><em>rell,</em></span> <span class='ocrx_word' id='word_1_46' title='bbox 694 1095 909 1160; x_wconf 84' lang='lat' dir='ltr'><em>Ohildeberti</em></span> <span class='ocrx_word' id='word_1_47' title='bbox 923 1095 994 1158; x_wconf 84' lang='lat' dir='ltr'><em>Aa.</em></span> <span class='ocrx_word' id='word_1_48' title='bbox 1012 1094 1053 1158; x_wconf 84' lang='lat'><em>3‘.</em></span> <span class='ocrx_word' id='word_1_49' title='bbox 1071 1095 1105 1159; x_wconf 79' lang='lat'><em>3*</em></span> <span class='ocrx_word' id='word_1_50' title='bbox 1122 1117 1138 1160; x_wconf 94' lang='lat' dir='ltr'><em>e</em></span> <span class='ocrx_word' id='word_1_51' title='bbox 1153 1095 1340 1178; x_wconf 89' lang='lat' dir='ltr'><em>coniectura,</em></span> 
     </span>
     <span class='ocr_line' id='line_1_8' title="bbox 228 1182 1341 1267; baseline 0.004 -21"><span class='ocrx_word' id='word_1_52' title='bbox 228 1201 326 1262; x_wconf 79' lang='lat' dir='ltr'><em>qnare</em></span> <span class='ocrx_word' id='word_1_53' title='bbox 349 1182 444 1247; x_wconf 90' lang='lat' dir='ltr'><em>etiarn</em></span> <span class='ocrx_word' id='word_1_54' title='bbox 466 1205 505 1247; x_wconf 89' lang='lat' dir='ltr'><em>ea</em></span> <span class='ocrx_word' id='word_1_55' title='bbox 526 1183 695 1249; x_wconf 84' lang='lat' dir='ltr'><em>immutare</em></span> <span class='ocrx_word' id='word_1_56' title='bbox 718 1189 841 1248; x_wconf 87' lang='lat' dir='ltr'><em>coactns</em></span> <span class='ocrx_word' id='word_1_57' title='bbox 864 1190 916 1262; x_wconf 87' lang='lat' dir='ltr'><em>est,</em></span> <span class='ocrx_word' id='word_1_58' title='bbox 941 1205 1021 1265; x_wconf 85' lang='lat' dir='ltr'><em>quae</em></span> <span class='ocrx_word' id='word_1_59' title='bbox 1039 1186 1076 1249; x_wconf 91' lang='lat' dir='ltr'><em>de</em></span> <span class='ocrx_word' id='word_1_60' title='bbox 1094 1184 1220 1267; x_wconf 85' lang='lat' dir='ltr'><em>replbus</em></span> <span class='ocrx_word' id='word_1_61' title='bbox 1235 1185 1341 1251; x_wconf 87' lang='lat' dir='ltr'><em>Fran·</em></span> 
     </span>
     <span class='ocr_line' id='line_1_9' title="bbox 228 1271 707 1351; baseline 0.006 -17"><span class='ocrx_word' id='word_1_62' title='bbox 228 1291 334 1335; x_wconf 85' lang='lat' dir='ltr'><em>eorurn</em></span> <span class='ocrx_word' id='word_1_63' title='bbox 356 1271 450 1351; x_wconf 87' lang='lat' dir='ltr'><em>infra</em></span> <span class='ocrx_word' id='word_1_64' title='bbox 472 1273 575 1337; x_wconf 90' lang='lat' dir='ltr'><em>relata</em></span> <span class='ocrx_word' id='word_1_65' title='bbox 597 1279 707 1337; x_wconf 92' lang='lat' dir='ltr'><em>erant:</em></span> 
     </span>
    </p>

    <p class='ocr_par' dir='ltr' id='par_1_6' title="bbox 272 1360 1341 1445">
     <span class='ocr_line' id='line_1_10' title="bbox 272 1360 1341 1445; baseline 0.002 -21"><span class='ocrx_word' id='word_1_66' title='bbox 272 1360 302 1441; x_wconf 90' lang='lat' dir='ltr'><em>I,</em></span> <span class='ocrx_word' id='word_1_67' title='bbox 322 1367 372 1424; x_wconf 87' lang='lat'><em>18.</em></span> <span class='ocrx_word' id='word_1_68' title='bbox 398 1362 590 1445; x_wconf 83' lang='lat' dir='ltr'><em>Sigibertus</em></span> <span class='ocrx_word' id='word_1_69' title='bbox 614 1363 752 1439; x_wconf 81' lang='lat' dir='ltr'><em>etenim,</em></span> <span class='ocrx_word' id='word_1_70' title='bbox 784 1363 881 1426; x_wconf 86' lang='lat' dir='ltr'><em>ouius</em></span> <span class='ocrx_word' id='word_1_71' title='bbox 905 1363 1061 1445; x_wconf 85' lang='lat' dir='ltr'><em>superius</em></span> <span class='ocrx_word' id='word_1_72' title='bbox 1083 1363 1228 1427; x_wconf 82' lang='lat' dir='ltr'><em>fecimus</em></span> <span class='ocrx_word' id='word_1_73' title='bbox 1251 1384 1341 1428; x_wconf 89' lang='lat' dir='ltr'><em>men·</em></span> 
     </span>
    </p>

    <p class='ocr_par' dir='ltr' id='par_1_7' title="bbox 183 1449 1295 1535">
     <span class='ocr_line' id='line_1_11' title="bbox 183 1449 1295 1535; baseline 0.001 -22"><span class='ocrx_word' id='word_1_74' title='bbox 183 1470 209 1507; x_wconf 86' lang='lat'><em>10</em></span> <span class='ocrx_word' id='word_1_75' title='bbox 439 1449 579 1530; x_wconf 85' lang='lat' dir='ltr'><em>tionem]</em></span> <span class='ocrx_word' id='word_1_76' title='bbox 605 1451 780 1535; x_wconf 83' lang='lat' dir='ltr'><em>Siquidem</em></span> <span class='ocrx_word' id='word_1_77' title='bbox 805 1451 996 1534; x_wconf 71' lang='lat' dir='ltr'><em>sigibertus</em></span> <span class='ocrx_word' id='word_1_78' title='bbox 1020 1471 1079 1516; x_wconf 87' lang='lat' dir='ltr'><em>rex</em></span> <span class='ocrx_word' id='word_1_79' title='bbox 1094 1450 1127 1515; x_wconf 99' lang='lat' dir='ltr'><strong><em>A</em></strong></span> <span class='ocrx_word' id='word_1_80' title='bbox 1140 1457 1169 1516; x_wconf 82' lang='lat'><em>3.</em></span> <span class='ocrx_word' id='word_1_81' title='bbox 1188 1457 1228 1514; x_wconf 87' lang='lat'><em>3‘.</em></span> <span class='ocrx_word' id='word_1_82' title='bbox 1247 1449 1295 1529; x_wconf 77' lang='lat'><em>3⁸;</em></span> 
     </span>
    </p>

    <p class='ocr_par' dir='ltr' id='par_1_8' title="bbox 228 1537 1340 1799">
     <span class='ocr_line' id='line_1_12' title="bbox 308 1537 1340 1624; baseline 0.004 -23"><span class='ocrx_word' id='word_1_83' title='bbox 308 1537 349 1602; x_wconf 85' lang='lat' dir='ltr'><em>ib.</em></span> <span class='ocrx_word' id='word_1_84' title='bbox 397 1539 579 1624; x_wconf 86' lang='lat' dir='ltr'><em>Perempto</em></span> <span class='ocrx_word' id='word_1_85' title='bbox 609 1541 727 1624; x_wconf 90' lang='lat' dir='ltr'><em>itaque</em></span> <span class='ocrx_word' id='word_1_86' title='bbox 758 1541 939 1623; x_wconf 76' lang='lat' dir='ltr'><em>SigibertO,</em></span> <span class='ocrx_word' id='word_1_87' title='bbox 972 1539 1215 1605; x_wconf 84' lang='lat' dir='ltr'><em>Ohildebertue</em></span> <span class='ocrx_word' id='word_1_88' title='bbox 1249 1540 1340 1605; x_wconf 83' lang='lat' dir='ltr'><em>filius</em></span> 
     </span>
     <span class='ocr_line' id='line_1_13' title="bbox 436 1623 1339 1712; baseline -0.003 -18"><span class='ocrx_word' id='word_1_89' title='bbox 436 1623 520 1712; x_wconf 82' lang='lat' dir='ltr'><em>eius]</em></span> <span class='ocrx_word' id='word_1_90' title='bbox 532 1630 614 1693; x_wconf 83' lang='lat' dir='ltr'><em>Post</em></span> <span class='ocrx_word' id='word_1_91' title='bbox 624 1651 725 1712; x_wconf 87' lang='lat' dir='ltr'><em>quem</em></span> <span class='ocrx_word' id='word_1_92' title='bbox 735 1630 826 1693; x_wconf 87' lang='lat' dir='ltr'><em>filius</em></span> <span class='ocrx_word' id='word_1_93' title='bbox 837 1628 1236 1694; x_wconf 77' lang='lat' dir='ltr'><em>eiuschildebertusAs.</em></span> <span class='ocrx_word' id='word_1_94' title='bbox 1246 1627 1287 1693; x_wconf 81' lang='lat'><em>3¹.</em></span> <span class='ocrx_word' id='word_1_95' title='bbox 1297 1623 1339 1692; x_wconf 76' lang='grc' dir='ltr'><strong>δ’.</strong></span> 
     </span>
     <span class='ocr_line' id='line_1_14' title="bbox 228 1715 1217 1799; baseline 0.001 -20"><span class='ocrx_word' id='word_1_96' title='bbox 228 1715 279 1780; x_wconf 89' lang='lat' dir='ltr'><em>Ne</em></span> <span class='ocrx_word' id='word_1_97' title='bbox 302 1716 575 1799; x_wconf 81' lang='lat' dir='ltr'><em>Meroninporun</em></span> <span class='ocrx_word' id='word_1_98' title='bbox 597 1717 723 1799; x_wconf 87' lang='lat' dir='ltr'><em>quiden</em></span> <span class='ocrx_word' id='word_1_99' title='bbox 745 1717 873 1798; x_wconf 86' lang='lat' dir='ltr'><em>stirpen</em></span> <span class='ocrx_word' id='word_1_100' title='bbox 895 1716 1049 1782; x_wconf 87' lang='lat' dir='ltr'><em>intactam</em></span> <span class='ocrx_word' id='word_1_101' title='bbox 1071 1716 1217 1798; x_wconf 86' lang='lat' dir='ltr'><em>reliqnit:</em></span> 
     </span>
    </p>

    <p class='ocr_par' dir='ltr' id='par_1_9' title="bbox 272 1802 1341 1889">
     <span class='ocr_line' id='line_1_15' title="bbox 272 1802 1341 1889; baseline 0.004 -22"><span class='ocrx_word' id='word_1_102' title='bbox 272 1804 371 1884; x_wconf 72' lang='lat' dir='ltr'><em>Las.</em></span> <span class='ocrx_word' id='word_1_103' title='bbox 395 1802 629 1889; x_wconf 84' lang='lat' dir='ltr'><em>Merveugum]</em></span> <span class='ocrx_word' id='word_1_104' title='bbox 666 1827 701 1871; x_wconf 88' lang='lat' dir='ltr'><em>se</em></span> <span class='ocrx_word' id='word_1_105' title='bbox 737 1802 812 1884; x_wconf 86' lang='lat' dir='ltr'><em>(orn.</em></span> <span class='ocrx_word' id='word_1_106' title='bbox 846 1802 936 1888; x_wconf 82' lang='lat' dir='ltr'><strong><em>A3*)</em></strong></span> <span class='ocrx_word' id='word_1_107' title='bbox 972 1827 1086 1889; x_wconf 84' lang='lat' dir='ltr'><em>regem</em></span> <span class='ocrx_word' id='word_1_108' title='bbox 1117 1806 1194 1868; x_wconf 81' lang='lat' dir='ltr'><em>Aa.</em></span> <span class='ocrx_word' id='word_1_109' title='bbox 1218 1805 1274 1886; x_wconf 75' lang='lat'><em>3*,·</em></span> <span class='ocrx_word' id='word_1_110' title='bbox 1306 1813 1341 1871; x_wconf 87' lang='lat' dir='ltr'><em>ot</em></span> 
     </span>
    </p>

    <p class='ocr_par' dir='ltr' id='par_1_10' title="bbox 182 1890 1339 2136">
     <span class='ocr_line' id='line_1_16' title="bbox 182 1890 983 1978; baseline -0.005 -18"><span class='ocrx_word' id='word_1_111' title='bbox 182 1911 207 1950; x_wconf 81' lang='lat'><em>1⁶</em></span> <span class='ocrx_word' id='word_1_112' title='bbox 438 1916 554 1977; x_wconf 84' lang='lat' dir='ltr'><em>regem</em></span> <span class='ocrx_word' id='word_1_113' title='bbox 577 1897 801 1978; x_wconf 84' lang='lat' dir='ltr'><em>Mervengum</em></span> <span class='ocrx_word' id='word_1_114' title='bbox 825 1895 911 1958; x_wconf 84' lang='lat' dir='ltr'><em>As‘.</em></span> <span class='ocrx_word' id='word_1_115' title='bbox 930 1890 983 1956; x_wconf 77' lang='lat'><em>3‘*.</em></span> 
     </span>
     <span class='ocr_line' id='line_1_17' title="bbox 226 1980 1339 2063; baseline 0.001 -18"><span class='ocrx_word' id='word_1_116' title='bbox 226 1988 318 2062; x_wconf 87' lang='lat' dir='ltr'><em>atque</em></span> <span class='ocrx_word' id='word_1_117' title='bbox 336 1982 502 2063; x_wconf 75' lang='lat' dir='ltr'><em>passionen</em></span> <span class='ocrx_word' id='word_1_118' title='bbox 523 1982 570 2046; x_wconf 84' lang='lat' dir='ltr'><em>ibi</em></span> <span class='ocrx_word' id='word_1_119' title='bbox 592 1984 782 2062; x_wconf 72' lang='lat' dir='ltr'><em>mittaturne,</em></span> <span class='ocrx_word' id='word_1_120' title='bbox 809 1981 864 2046; x_wconf 84' lang='lat' dir='ltr'><em>ubi</em></span> <span class='ocrx_word' id='word_1_121' title='bbox 887 1981 1023 2047; x_wconf 88' lang='lat' dir='ltr'><em>actiourn</em></span> <span class='ocrx_word' id='word_1_122' title='bbox 1045 1980 1229 2063; x_wconf 79' lang='lat' dir='ltr'><em>requiritur,</em></span> <span class='ocrx_word' id='word_1_123' title='bbox 1253 2002 1339 2046; x_wconf 87' lang='lat' dir='ltr'><em>oocu-</em></span> 
     </span>
     <span class='ocr_line' id='line_1_18' title="bbox 226 2070 765 2136; baseline 0.002 -3"><span class='ocrx_word' id='word_1_124' title='bbox 226 2071 332 2134; x_wconf 86' lang='lat' dir='ltr'><em>lrulnrn</em></span> <span class='ocrx_word' id='word_1_125' title='bbox 355 2070 495 2136; x_wconf 86' lang='lat' dir='ltr'><em>alienum</em></span> <span class='ocrx_word' id='word_1_126' title='bbox 518 2071 616 2135; x_wconf 80' lang='lat' dir='ltr'><em>tertul</em></span> <span class='ocrx_word' id='word_1_127' title='bbox 638 2070 765 2135; x_wconf 86' lang='lat' dir='ltr'><em>intulit:</em></span> 
     </span>
    </p>

    <p class='ocr_par' dir='ltr' id='par_1_11' title="bbox 231 2153 1337 2328">
     <span class='ocr_line' id='line_1_19' title="bbox 271 2153 1337 2243; baseline -0.003 -21"><span class='ocrx_word' id='word_1_128' title='bbox 271 2159 300 2240; x_wconf 80' lang='lat' dir='ltr'><em>I,</em></span> <span class='ocrx_word' id='word_1_129' title='bbox 317 2166 367 2222; x_wconf 84' lang='grc'><strong>19.</strong></span> <span class='ocrx_word' id='word_1_130' title='bbox 384 2155 577 2243; x_wconf 75' lang='lat' dir='ltr'><em>oraturque]</em></span> <span class='ocrx_word' id='word_1_131' title='bbox 588 2160 853 2243; x_wconf 84' lang='lat' dir='ltr'><em>Alloquiturque</em></span> <span class='ocrx_word' id='word_1_132' title='bbox 862 2156 938 2243; x_wconf 89' lang='lat' dir='ltr'><em>(que</em></span> <span class='ocrx_word' id='word_1_133' title='bbox 949 2153 1172 2242; x_wconf 76' lang='lat' dir='ltr'><em>orn.A3*]A3.</em></span> <span class='ocrx_word' id='word_1_134' title='bbox 1183 2157 1222 2223; x_wconf 87' lang='lat'><em>3‘.</em></span> <span class='ocrx_word' id='word_1_135' title='bbox 1232 2154 1285 2222; x_wconf 60' lang='lat'><em>3⁸.</em></span> <span class='ocrx_word' id='word_1_136' title='bbox 1295 2157 1337 2220; x_wconf 76' lang='lat'><em>3⁸.</em></span> 
     </span>
     <span class='ocr_line' id='line_1_20' title="bbox 231 2247 1083 2328; baseline -0.002 -16"><span class='ocrx_word' id='word_1_137' title='bbox 231 2249 321 2328; x_wconf 75' lang='lat' dir='ltr'><em>Quod</em></span> <span class='ocrx_word' id='word_1_138' title='bbox 341 2248 373 2311; x_wconf 92' lang='lat' dir='ltr'><strong><em>A</em></strong></span> <span class='ocrx_word' id='word_1_139' title='bbox 387 2255 417 2311; x_wconf 89' lang='lat'><em>3.</em></span> <span class='ocrx_word' id='word_1_140' title='bbox 436 2248 467 2311; x_wconf 86' lang='lat'><em>3*</em></span> <span class='ocrx_word' id='word_1_141' title='bbox 490 2269 557 2314; x_wconf 91' lang='lat' dir='ltr'><em>una</em></span> <span class='ocrx_word' id='word_1_142' title='bbox 580 2269 650 2314; x_wconf 89' lang='lat' dir='ltr'><em>curn</em></span> <span class='ocrx_word' id='word_1_143' title='bbox 672 2248 736 2312; x_wconf 78' lang='lat' dir='ltr'><em>Aa</em></span> <span class='ocrx_word' id='word_1_144' title='bbox 760 2250 864 2312; x_wconf 89' lang='lat' dir='ltr'><em>eodern</em></span> <span class='ocrx_word' id='word_1_145' title='bbox 887 2249 951 2312; x_wconf 90' lang='lat' dir='ltr'><em>loco</em></span> <span class='ocrx_word' id='word_1_146' title='bbox 974 2247 1083 2312; x_wconf 84' lang='lat' dir='ltr'><em>liant:</em></span> 
     </span>
    </p>

    <p class='ocr_par' dir='ltr' id='par_1_12' title="bbox 181 2329 1341 2772">
     <span class='ocr_line' id='line_1_21' title="bbox 181 2329 1336 2422; baseline -0.001 -21"><span class='ocrx_word' id='word_1_147' title='bbox 181 2361 208 2401; x_wconf 85' lang='lat' dir='ltr'><em>n</em></span> <span class='ocrx_word' id='word_1_148' title='bbox 271 2337 301 2418; x_wconf 94' lang='lat' dir='ltr'><em>I,</em></span> <span class='ocrx_word' id='word_1_149' title='bbox 321 2344 371 2401; x_wconf 88' lang='lat'><em>17.</em></span> <span class='ocrx_word' id='word_1_150' title='bbox 387 2339 570 2422; x_wconf 84' lang='lat' dir='ltr'><em>imperavit</em></span> <span class='ocrx_word' id='word_1_151' title='bbox 583 2334 703 2421; x_wconf 84' lang='lat' dir='ltr'><em>[sanati</em></span> <span class='ocrx_word' id='word_1_152' title='bbox 714 2337 971 2420; x_wconf 81' lang='lat' dir='ltr'><em>——temperavit</em></span> <span class='ocrx_word' id='word_1_153' title='bbox 984 2329 1336 2419; x_wconf 79' lang='lat' dir='ltr'><em>an.A2.3.s‘.3¹*.3·],</em></span> 
     </span>
     <span class='ocr_line' id='line_1_22' title="bbox 227 2423 1341 2508; baseline -0.001 -18"><span class='ocrx_word' id='word_1_154' title='bbox 227 2447 296 2490; x_wconf 88' lang='lat' dir='ltr'><em>curn</em></span> <span class='ocrx_word' id='word_1_155' title='bbox 313 2427 407 2491; x_wconf 89' lang='lat' dir='ltr'><em>certa</em></span> <span class='ocrx_word' id='word_1_156' title='bbox 424 2447 486 2508; x_wconf 88' lang='lat' dir='ltr'><em>per</em></span> <span class='ocrx_word' id='word_1_157' title='bbox 503 2427 760 2491; x_wconf 80' lang='lat' dir='ltr'><em>liornoeoteleuton</em></span> <span class='ocrx_word' id='word_1_158' title='bbox 777 2425 894 2490; x_wconf 82' lang='lat' dir='ltr'><em>onaissa</em></span> <span class='ocrx_word' id='word_1_159' title='bbox 909 2424 1084 2507; x_wconf 75' lang='lat' dir='ltr'><em>propinqui</em></span> <span class='ocrx_word' id='word_1_160' title='bbox 1101 2424 1204 2506; x_wconf 84' lang='lat' dir='ltr'><em>luins,</em></span> <span class='ocrx_word' id='word_1_161' title='bbox 1223 2423 1341 2490; x_wconf 87' lang='lat' dir='ltr'><em>scilicet</em></span> 
     </span>
     <span class='ocr_line' id='line_1_23' title="bbox 226 2513 1338 2596; baseline -0.002 -18"><span class='ocrx_word' id='word_1_162' title='bbox 226 2515 324 2580; x_wconf 78' lang='lat' dir='ltr'><em>Aac.</em></span> <span class='ocrx_word' id='word_1_163' title='bbox 348 2535 373 2593; x_wconf 85' lang='lat' dir='ltr'><em>o,</em></span> <span class='ocrx_word' id='word_1_164' title='bbox 403 2515 579 2596; x_wconf 73' lang='lat' dir='ltr'><em>exhibeant,</em></span> <span class='ocrx_word' id='word_1_165' title='bbox 611 2535 794 2581; x_wconf 84' lang='lat' dir='ltr'><em>eonsensum</em></span> <span class='ocrx_word' id='word_1_166' title='bbox 815 2514 946 2594; x_wconf 76' lang='lat' dir='ltr'><em>fortuito</em></span> <span class='ocrx_word' id='word_1_167' title='bbox 968 2513 1134 2596; x_wconf 80' lang='lat' dir='ltr'><em>oontipisse</em></span> <span class='ocrx_word' id='word_1_168' title='bbox 1156 2513 1338 2578; x_wconf 81' lang='lat' dir='ltr'><em>eaistinrenr.</em></span> 
     </span>
     <span class='ocr_line' id='line_1_24' title="bbox 228 2603 1340 2683; baseline -0.001 -15"><span class='ocrx_word' id='word_1_169' title='bbox 228 2603 431 2668; x_wconf 78' lang='lat' dir='ltr'><em>Necessitudo</em></span> <span class='ocrx_word' id='word_1_170' title='bbox 451 2625 524 2668; x_wconf 85' lang='lat' dir='ltr'><em>aero</em></span> <span class='ocrx_word' id='word_1_171' title='bbox 540 2626 609 2669; x_wconf 79' lang='lat' dir='ltr'><em>enni</em></span> <span class='ocrx_word' id='word_1_172' title='bbox 625 2605 723 2669; x_wconf 87' lang='lat' dir='ltr'><em>classe</em></span> <span class='ocrx_word' id='word_1_173' title='bbox 737 2603 771 2668; x_wconf 92' lang='lat' dir='ltr'><em>B</em></span> <span class='ocrx_word' id='word_1_174' title='bbox 786 2603 981 2668; x_wconf 83' lang='lat' dir='ltr'><em>intercedens</em></span> <span class='ocrx_word' id='word_1_175' title='bbox 1002 2604 1049 2668; x_wconf 89' lang='lat' dir='ltr'><em>ael</em></span> <span class='ocrx_word' id='word_1_176' title='bbox 1071 2604 1183 2668; x_wconf 84' lang='lat' dir='ltr'><em>mendo</em></span> <span class='ocrx_word' id='word_1_177' title='bbox 1205 2604 1340 2683; x_wconf 82' lang='lat' dir='ltr'><em>quadarn</em></span> 
     </span>
     <span class='ocr_line' id='line_1_25' title="bbox 227 2692 630 2772; baseline -0.002 -15"><span class='ocrx_word' id='word_1_178' title='bbox 227 2692 384 2757; x_wconf 81' lang='lat' dir='ltr'><em>concnauni</em></span> <span class='ocrx_word' id='word_1_179' title='bbox 406 2695 630 2772; x_wconf 72' lang='lat' dir='ltr'><em>confirmatur:</em></span> 
     </span>
    </p>

    <p class='ocr_par' dir='ltr' id='par_1_13' title="bbox 180 2774 1338 2865">
     <span class='ocr_line' id='line_1_26' title="bbox 180 2774 1338 2865; baseline -0.001 -21"><span class='ocrx_word' id='word_1_180' title='bbox 180 2806 207 2844; x_wconf 78' lang='lat' dir='ltr'><em>ss</em></span> <span class='ocrx_word' id='word_1_181' title='bbox 271 2780 371 2862; x_wconf 67' lang='lat' dir='ltr'><em>Leo.</em></span> <span class='ocrx_word' id='word_1_182' title='bbox 396 2803 496 2864; x_wconf 91' lang='lat' dir='ltr'><em>quem</em></span> <span class='ocrx_word' id='word_1_183' title='bbox 521 2784 676 2865; x_wconf 86' lang='lat' dir='ltr'><em>superius</em></span> <span class='ocrx_word' id='word_1_184' title='bbox 700 2776 880 2864; x_wconf 80' lang='lat' dir='ltr'><em>direxerat]</em></span> <span class='ocrx_word' id='word_1_185' title='bbox 906 2803 937 2864; x_wconf 91' lang='lat' dir='ltr'><em>q.</em></span> <span class='ocrx_word' id='word_1_186' title='bbox 962 2802 987 2845; x_wconf 84' lang='lat' dir='ltr'><em>s.</em></span> <span class='ocrx_word' id='word_1_187' title='bbox 1012 2781 1146 2845; x_wconf 83' lang='lat' dir='ltr'><em>dixerat</em></span> <span class='ocrx_word' id='word_1_188' title='bbox 1175 2774 1338 2863; x_wconf 85' lang='lat' dir='ltr'><em>(dixeram</em></span> 
     </span>
    </p>

    <p class='ocr_par' dir='ltr' id='par_1_14' title="bbox 439 2867 1082 2954">
     <span class='ocr_line' id='line_1_27' title="bbox 439 2867 1082 2954; baseline -0.002 -20"><span class='ocrx_word' id='word_1_189' title='bbox 439 2871 514 2934; x_wconf 88' lang='lat' dir='ltr'><em>A3.</em></span> <span class='ocrx_word' id='word_1_190' title='bbox 533 2878 573 2933; x_wconf 84' lang='lat'><em>3¹.</em></span> <span class='ocrx_word' id='word_1_191' title='bbox 592 2868 645 2935; x_wconf 82' lang='lat'><em>3!*.</em></span> <span class='ocrx_word' id='word_1_192' title='bbox 669 2869 703 2934; x_wconf 89' lang='grc' dir='ltr'><strong><em>Β</em></strong></span> <span class='ocrx_word' id='word_1_193' title='bbox 718 2867 765 2954; x_wconf 86' lang='lat' dir='ltr'><em>lb]</em></span> <span class='ocrx_word' id='word_1_194' title='bbox 789 2870 863 2934; x_wconf 81' lang='lat' dir='ltr'><em>Aa.</em></span> <span class='ocrx_word' id='word_1_195' title='bbox 888 2869 921 2933; x_wconf 89' lang='grc' dir='ltr'>Β</span> <span class='ocrx_word' id='word_1_196' title='bbox 936 2877 985 2934; x_wconf 92' lang='grc' dir='ltr'><em>1α.</em></span> <span class='ocrx_word' id='word_1_197' title='bbox 1003 2871 1030 2935; x_wconf 83' lang='lat' dir='ltr'><em>b.</em></span> <span class='ocrx_word' id='word_1_198' title='bbox 1046 2875 1082 2946; x_wconf 89' lang='grc'><em>2;</em></span> 
     </span>
    </p>

    <p class='ocr_par' dir='ltr' id='par_1_15' title="bbox 225 2957 1339 3129">
     <span class='ocr_line' id='line_1_28' title="bbox 225 2957 1339 3040; baseline 0 -19"><span class='ocrx_word' id='word_1_199' title='bbox 225 2957 262 3022; x_wconf 92' lang='lat' dir='ltr'><em>in</em></span> <span class='ocrx_word' id='word_1_200' title='bbox 284 2979 318 3022; x_wconf 90' lang='lat' dir='ltr'><em>eo</em></span> <span class='ocrx_word' id='word_1_201' title='bbox 341 2959 426 3023; x_wconf 91' lang='lat' dir='ltr'><em>enirn</em></span> <span class='ocrx_word' id='word_1_202' title='bbox 448 2979 486 3023; x_wconf 86' lang='lat' dir='ltr'><em>en</em></span> <span class='ocrx_word' id='word_1_203' title='bbox 508 2980 568 3040; x_wconf 88' lang='lat' dir='ltr'><em>qao</em></span> <span class='ocrx_word' id='word_1_204' title='bbox 585 2961 726 3040; x_wconf 87' lang='lat' dir='ltr'><em>pendent</em></span> <span class='ocrx_word' id='word_1_205' title='bbox 747 2958 919 3040; x_wconf 87' lang='lat' dir='ltr'><em>encrnplari</em></span> <span class='ocrx_word' id='word_1_206' title='bbox 938 2960 1070 3022; x_wconf 86' lang='lat' dir='ltr'><em>dixerat</em></span> <span class='ocrx_word' id='word_1_207' title='bbox 1087 2977 1150 3039; x_wconf 92' lang='lat' dir='ltr'><em>pro</em></span> <span class='ocrx_word' id='word_1_208' title='bbox 1169 2959 1339 3022; x_wconf 86' lang='lat' dir='ltr'><em>direxerat</em></span> 
     </span>
     <span class='ocr_line' id='line_1_29' title="bbox 225 3047 577 3129; baseline 0 -19"><span class='ocrx_word' id='word_1_209' title='bbox 225 3047 376 3128; x_wconf 84' lang='lat' dir='ltr'><em>scripturn</em></span> <span class='ocrx_word' id='word_1_210' title='bbox 398 3069 463 3112; x_wconf 87' lang='lat' dir='ltr'><em>esse</em></span> <span class='ocrx_word' id='word_1_211' title='bbox 479 3055 577 3129; x_wconf 88' lang='lat' dir='ltr'><em>patet.</em></span> 
     </span>
    </p>

    <p class='ocr_par' dir='ltr' id='par_1_16' title="bbox 336 3133 1339 3218">
     <span class='ocr_line' id='line_1_30' title="bbox 336 3133 1339 3218; baseline -0.004 -17"><span class='ocrx_word' id='word_1_212' title='bbox 336 3136 457 3201; x_wconf 81' lang='lat' dir='ltr'><em>Classis</em></span> <span class='ocrx_word' id='word_1_213' title='bbox 475 3137 507 3199; x_wconf 93' lang='lat' dir='ltr'><strong><em>A</em></strong></span> <span class='ocrx_word' id='word_1_214' title='bbox 520 3143 549 3217; x_wconf 85' lang='grc'><em>4,</em></span> <span class='ocrx_word' id='word_1_215' title='bbox 575 3138 619 3201; x_wconf 92' lang='lat' dir='ltr'><em>od</em></span> <span class='ocrx_word' id='word_1_216' title='bbox 639 3157 734 3218; x_wconf 81' lang='lat' dir='ltr'><em>quarn</em></span> <span class='ocrx_word' id='word_1_217' title='bbox 757 3135 1006 3201; x_wconf 84' lang='lat' dir='ltr'><em>caarninandorn</em></span> <span class='ocrx_word' id='word_1_218' title='bbox 1028 3155 1142 3198; x_wconf 85' lang='lat' dir='ltr'><em>noanrn</em></span> <span class='ocrx_word' id='word_1_219' title='bbox 1164 3133 1339 3198; x_wconf 81' lang='lat' dir='ltr'><em>subsidium</em></span> 
     </span>
    </p>

    <p class='ocr_par' dir='ltr' id='par_1_17' title="bbox 180 3223 1339 3305">
     <span class='ocr_line' id='line_1_31' title="bbox 180 3223 1339 3305; baseline -0.002 -17"><span class='ocrx_word' id='word_1_220' title='bbox 180 3249 207 3288; x_wconf 81' lang='lat' dir='ltr'><em>eo</em></span> <span class='ocrx_word' id='word_1_221' title='bbox 225 3225 312 3290; x_wconf 87' lang='lat' dir='ltr'><em>nacti</em></span> <span class='ocrx_word' id='word_1_222' title='bbox 334 3245 449 3305; x_wconf 75' lang='lat' dir='ltr'><em>suenus,</em></span> <span class='ocrx_word' id='word_1_223' title='bbox 481 3231 568 3288; x_wconf 89' lang='lat' dir='ltr'><em>eruto</em></span> <span class='ocrx_word' id='word_1_224' title='bbox 591 3225 672 3290; x_wconf 85' lang='lat' dir='ltr'><em>libro</em></span> <span class='ocrx_word' id='word_1_225' title='bbox 695 3224 727 3287; x_wconf 92' lang='lat' dir='ltr'><strong><em>A</em></strong></span> <span class='ocrx_word' id='word_1_226' title='bbox 740 3231 791 3304; x_wconf 85' lang='grc' dir='ltr'><em>4α,</em></span> <span class='ocrx_word' id='word_1_227' title='bbox 823 3226 868 3288; x_wconf 93' lang='lat' dir='ltr'><em>ad</em></span> <span class='ocrx_word' id='word_1_228' title='bbox 893 3230 1008 3289; x_wconf 84' lang='lat' dir='ltr'><em>tentum</em></span> <span class='ocrx_word' id='word_1_229' title='bbox 1030 3223 1252 3288; x_wconf 83' lang='lat' dir='ltr'><em>recensendum</em></span> <span class='ocrx_word' id='word_1_230' title='bbox 1274 3243 1339 3286; x_wconf 95' lang='lat' dir='ltr'><em>non</em></span> 
     </span>
    </p>

    <p class='ocr_par' dir='ltr' id='par_1_18' title="bbox 225 3311 1338 3393">
     <span class='ocr_line' id='line_1_32' title="bbox 225 3311 1338 3393; baseline 0 -17"><span class='ocrx_word' id='word_1_231' title='bbox 225 3314 303 3378; x_wconf 90' lang='lat' dir='ltr'><em>odeo</em></span> <span class='ocrx_word' id='word_1_232' title='bbox 331 3313 422 3393; x_wconf 85' lang='lat' dir='ltr'><em>facit.</em></span> <span class='ocrx_word' id='word_1_233' title='bbox 469 3313 519 3377; x_wconf 91' lang='lat' dir='ltr'><em>De</em></span> <span class='ocrx_word' id='word_1_234' title='bbox 549 3336 587 3377; x_wconf 99' lang='grc' dir='ltr'><em>θα</em></span> <span class='ocrx_word' id='word_1_235' title='bbox 616 3313 701 3378; x_wconf 86' lang='lat' dir='ltr'><em>enirn</em></span> <span class='ocrx_word' id='word_1_236' title='bbox 730 3313 796 3377; x_wconf 86' lang='lat' dir='ltr'><em>iarn</em></span> <span class='ocrx_word' id='word_1_237' title='bbox 824 3312 907 3377; x_wconf 88' lang='lat' dir='ltr'><em>idern</em></span> <span class='ocrx_word' id='word_1_238' title='bbox 936 3312 1102 3378; x_wconf 85' lang='lat' dir='ltr'><em>dicendum</em></span> <span class='ocrx_word' id='word_1_239' title='bbox 1130 3317 1176 3376; x_wconf 91' lang='lat' dir='ltr'><em>cst</em></span> <span class='ocrx_word' id='word_1_240' title='bbox 1197 3311 1280 3392; x_wconf 83' lang='lat' dir='ltr'><em>qnod</em></span> <span class='ocrx_word' id='word_1_241' title='bbox 1301 3312 1338 3376; x_wconf 87' lang='lat' dir='ltr'><em>dc</em></span> 
     </span>
    </p>

    <p class='ocr_par' dir='ltr' id='par_1_19' title="bbox 225 3400 1339 3482">
     <span class='ocr_line' id='line_1_33' title="bbox 225 3400 1339 3482; baseline -0.002 -17"><span class='ocrx_word' id='word_1_242' title='bbox 225 3402 323 3467; x_wconf 87' lang='lat' dir='ltr'><em>alasse</em></span> <span class='ocrx_word' id='word_1_243' title='bbox 345 3403 378 3467; x_wconf 95' lang='lat' dir='ltr'><strong><em>A</em></strong></span> <span class='ocrx_word' id='word_1_244' title='bbox 393 3410 437 3468; x_wconf 91' lang='lat' dir='ltr'><em>lc.</em></span> <span class='ocrx_word' id='word_1_245' title='bbox 463 3403 492 3482; x_wconf 92' lang='lat' dir='ltr'><em>d,</em></span> <span class='ocrx_word' id='word_1_246' title='bbox 528 3401 646 3466; x_wconf 88' lang='lat' dir='ltr'><em>scilieet</em></span> <span class='ocrx_word' id='word_1_247' title='bbox 668 3403 729 3466; x_wconf 94' lang='lat' dir='ltr'><em>duo</em></span> <span class='ocrx_word' id='word_1_248' title='bbox 752 3403 902 3466; x_wconf 88' lang='lat' dir='ltr'><em>elementa</em></span> <span class='ocrx_word' id='word_1_249' title='bbox 923 3401 961 3466; x_wconf 91' lang='lat' dir='ltr'><em>in</em></span> <span class='ocrx_word' id='word_1_250' title='bbox 983 3423 1021 3466; x_wconf 92' lang='grc' dir='ltr'><em>θα</em></span> <span class='ocrx_word' id='word_1_251' title='bbox 1051 3400 1211 3479; x_wconf 84' lang='lat' dir='ltr'><em>coaluisse,</em></span> <span class='ocrx_word' id='word_1_252' title='bbox 1247 3405 1339 3480; x_wconf 80' lang='lat' dir='ltr'><em>atque</em></span> 
     </span>
    </p>

    <p class='ocr_par' dir='ltr' id='par_1_20' title="bbox 225 3487 1339 3573">
     <span class='ocr_line' id='line_1_34' title="bbox 225 3487 1339 3573; baseline -0.002 -19"><span class='ocrx_word' id='word_1_253' title='bbox 225 3491 370 3572; x_wconf 85' lang='lat' dir='ltr'><em>reliqniis</em></span> <span class='ocrx_word' id='word_1_254' title='bbox 392 3490 581 3572; x_wconf 77' lang='lat' dir='ltr'><em>exemplaris</em></span> <span class='ocrx_word' id='word_1_255' title='bbox 607 3512 628 3573; x_wconf 82' lang='lat' dir='ltr'><em>p</em></span> <span class='ocrx_word' id='word_1_256' title='bbox 650 3491 746 3554; x_wconf 76' lang='lat' dir='ltr'><em>inulto</em></span> <span class='ocrx_word' id='word_1_257' title='bbox 769 3491 881 3571; x_wconf 90' lang='lat' dir='ltr'><em>plnres</em></span> <span class='ocrx_word' id='word_1_258' title='bbox 909 3490 1064 3572; x_wconf 78' lang='lat' dir='ltr'><em>oppositae</em></span> <span class='ocrx_word' id='word_1_259' title='bbox 1093 3495 1168 3553; x_wconf 86' lang='lat' dir='ltr'><em>sunt</em></span> <span class='ocrx_word' id='word_1_260' title='bbox 1195 3487 1339 3553; x_wconf 88' lang='lat' dir='ltr'><em>lectiones</em></span> 
     </span>
    </p>

    <p class='ocr_par' dir='ltr' id='par_1_21' title="bbox 225 3577 1339 3662">
     <span class='ocr_line' id='line_1_35' title="bbox 225 3577 1339 3662; baseline -0.002 -20"><span class='ocrx_word' id='word_1_261' title='bbox 225 3578 335 3644; x_wconf 73' lang='lat' dir='ltr'><em>clusas</em></span> <span class='ocrx_word' id='word_1_262' title='bbox 357 3581 389 3644; x_wconf 90' lang='lat' dir='ltr'><strong><em>A</em></strong></span> <span class='ocrx_word' id='word_1_263' title='bbox 403 3588 432 3662; x_wconf 82' lang='lat'><em>2,</em></span> <span class='ocrx_word' id='word_1_264' title='bbox 456 3580 504 3646; x_wconf 91' lang='lat' dir='ltr'><em>ita</em></span> <span class='ocrx_word' id='word_1_265' title='bbox 526 3585 562 3644; x_wconf 93' lang='lat' dir='ltr'><em>ut</em></span> <span class='ocrx_word' id='word_1_266' title='bbox 583 3580 647 3642; x_wconf 87' lang='lat' dir='ltr'><em>A4</em></span> <span class='ocrx_word' id='word_1_267' title='bbox 671 3600 736 3644; x_wconf 94' lang='lat' dir='ltr'><em>non</em></span> <span class='ocrx_word' id='word_1_268' title='bbox 758 3580 858 3644; x_wconf 85' lang='lat' dir='ltr'><em>solurn</em></span> <span class='ocrx_word' id='word_1_269' title='bbox 881 3601 950 3644; x_wconf 90' lang='lat' dir='ltr'><em>curn</em></span> <span class='ocrx_word' id='word_1_270' title='bbox 972 3579 1004 3642; x_wconf 97' lang='lat' dir='ltr'><strong><em>A</em></strong></span> <span class='ocrx_word' id='word_1_271' title='bbox 1018 3586 1047 3659; x_wconf 85' lang='lat'><em>3,</em></span> <span class='ocrx_word' id='word_1_272' title='bbox 1076 3577 1247 3642; x_wconf 84' lang='lat' dir='ltr'><em>sedetiam</em></span> <span class='ocrx_word' id='word_1_273' title='bbox 1270 3597 1339 3642; x_wconf 83' lang='lat' dir='ltr'><em>curn</em></span> 
     </span>
    </p>

    <p class='ocr_par' dir='ltr' id='par_1_22' title="bbox 178 3665 1339 3749">
     <span class='ocr_line' id='line_1_36' title="bbox 178 3665 1339 3749; baseline -0.002 -17"><span class='ocrx_word' id='word_1_274' title='bbox 178 3693 205 3732; x_wconf 80' lang='lat' dir='ltr'><em>es</em></span> <span class='ocrx_word' id='word_1_275' title='bbox 224 3667 256 3729; x_wconf 92' lang='lat' dir='ltr'><strong><em>A</em></strong></span> <span class='ocrx_word' id='word_1_276' title='bbox 272 3674 315 3732; x_wconf 87' lang='lat' dir='ltr'><em>lc.</em></span> <span class='ocrx_word' id='word_1_277' title='bbox 333 3671 363 3732; x_wconf 87' lang='lat' dir='ltr'><em>d.</em></span> <span class='ocrx_word' id='word_1_278' title='bbox 382 3677 410 3733; x_wconf 93' lang='grc'><strong>2.</strong></span> <span class='ocrx_word' id='word_1_279' title='bbox 430 3677 473 3734; x_wconf 91' lang='grc' dir='ltr'><em>2α</em></span> <span class='ocrx_word' id='word_1_280' title='bbox 502 3667 730 3733; x_wconf 88' lang='lat' dir='ltr'><em>necessitudine</em></span> <span class='ocrx_word' id='word_1_281' title='bbox 759 3669 898 3749; x_wconf 88' lang='lat' dir='ltr'><em>quadarn</em></span> <span class='ocrx_word' id='word_1_282' title='bbox 922 3667 1089 3733; x_wconf 88' lang='lat' dir='ltr'><em>coniuncta</em></span> <span class='ocrx_word' id='word_1_283' title='bbox 1118 3667 1168 3732; x_wconf 88' lang='lat' dir='ltr'><em>sit.</em></span> <span class='ocrx_word' id='word_1_284' title='bbox 1214 3665 1339 3730; x_wconf 81' lang='lat' dir='ltr'><em>Meneta</em></span> 
     </span>
    </p>

    <p class='ocr_par' dir='ltr' id='par_1_23' title="bbox 224 3755 1338 3838">
     <span class='ocr_line' id='line_1_37' title="bbox 224 3755 1338 3838; baseline -0.001 -20"><span class='ocrx_word' id='word_1_285' title='bbox 224 3761 327 3820; x_wconf 86' lang='lat' dir='ltr'><em>autern</em></span> <span class='ocrx_word' id='word_1_286' title='bbox 344 3757 382 3821; x_wconf 88' lang='lat' dir='ltr'><em>in</em></span> <span class='ocrx_word' id='word_1_287' title='bbox 397 3779 434 3821; x_wconf 90' lang='lat' dir='ltr'><em>ea</em></span> <span class='ocrx_word' id='word_1_288' title='bbox 450 3758 725 3838; x_wconf 79' lang='lat' dir='ltr'><em>deprehenduntnr</em></span> <span class='ocrx_word' id='word_1_289' title='bbox 740 3778 810 3821; x_wconf 90' lang='lat' dir='ltr'><em>curn</em></span> <span class='ocrx_word' id='word_1_290' title='bbox 825 3756 1004 3822; x_wconf 87' lang='lat' dir='ltr'><em>cornmunlu</em></span> <span class='ocrx_word' id='word_1_291' title='bbox 1020 3756 1172 3821; x_wconf 78' lang='lat' dir='ltr'><em>libroruin</em></span> <span class='ocrx_word' id='word_1_292' title='bbox 1187 3755 1219 3819; x_wconf 90' lang='lat' dir='ltr'><strong><em>A</em></strong></span> <span class='ocrx_word' id='word_1_293' title='bbox 1230 3760 1260 3818; x_wconf 83' lang='lat'><em>2.</em></span> <span class='ocrx_word' id='word_1_294' title='bbox 1277 3761 1338 3818; x_wconf 92' lang='grc' dir='ltr'><strong>2α.·</strong></span> 
     </span>
    </p>

    <p class='ocr_par' dir='ltr' id='par_1_24' title="bbox 268 3843 1085 3928">
     <span class='ocr_line' id='line_1_38' title="bbox 268 3843 1085 3928; baseline 0 -20"><span class='ocrx_word' id='word_1_295' title='bbox 268 3845 298 3924; x_wconf 83' lang='grc' dir='ltr'><em>Ι,</em></span> <span class='ocrx_word' id='word_1_296' title='bbox 316 3851 345 3911; x_wconf 90' lang='grc'><strong>3.</strong></span> <span class='ocrx_word' id='word_1_297' title='bbox 371 3843 582 3928; x_wconf 86' lang='lat' dir='ltr'><em>exaestuans]</em></span> <span class='ocrx_word' id='word_1_298' title='bbox 609 3848 691 3910; x_wconf 89' lang='lat' dir='ltr'><em>dum</em></span> <span class='ocrx_word' id='word_1_299' title='bbox 714 3847 788 3910; x_wconf 87' lang='lat' dir='ltr'><em>odd.</em></span> <span class='ocrx_word' id='word_1_300' title='bbox 812 3846 845 3909; x_wconf 92' lang='lat' dir='ltr'><strong><em>A</em></strong></span> <span class='ocrx_word' id='word_1_301' title='bbox 858 3852 887 3910; x_wconf 93' lang='grc'><strong>2.</strong></span> <span class='ocrx_word' id='word_1_302' title='bbox 906 3852 957 3909; x_wconf 91' lang='grc' dir='ltr'><em>2α.</em></span> <span class='ocrx_word' id='word_1_303' title='bbox 976 3851 1005 3908; x_wconf 89' lang='grc'><em>4.</em></span> <span class='ocrx_word' id='word_1_304' title='bbox 1023 3851 1085 3927; x_wconf 89' lang='lat' dir='ltr'><em>4a,·</em></span> 
     </span>
    </p>

    <p class='ocr_par' dir='ltr' id='par_1_25' title="bbox 224 3931 1190 4104">
     <span class='ocr_line' id='line_1_39' title="bbox 268 3931 1190 4018; baseline 0 -22"><span class='ocrx_word' id='word_1_305' title='bbox 268 3934 298 4014; x_wconf 90' lang='lat' dir='ltr'><em>I,</em></span> <span class='ocrx_word' id='word_1_306' title='bbox 317 3939 346 3996; x_wconf 90' lang='grc'><strong>4.</strong></span> <span class='ocrx_word' id='word_1_307' title='bbox 372 3931 600 4018; x_wconf 76' lang='lat' dir='ltr'><em>carinamque]</em></span> <span class='ocrx_word' id='word_1_308' title='bbox 626 3937 776 4000; x_wconf 85' lang='lat' dir='ltr'><em>carinam</em></span> <span class='ocrx_word' id='word_1_309' title='bbox 801 3956 903 4018; x_wconf 90' lang='lat' dir='ltr'><em>quam</em></span> <span class='ocrx_word' id='word_1_310' title='bbox 926 3935 959 3997; x_wconf 87' lang='lat' dir='ltr'><strong><em>A</em></strong></span> <span class='ocrx_word' id='word_1_311' title='bbox 973 3939 1003 3996; x_wconf 94' lang='grc'><strong>2.</strong></span> <span class='ocrx_word' id='word_1_312' title='bbox 1022 3941 1074 3998; x_wconf 94' lang='grc' dir='ltr'><em>2α.</em></span> <span class='ocrx_word' id='word_1_313' title='bbox 1090 3940 1122 3998; x_wconf 92' lang='grc'><strong>4.</strong></span> <span class='ocrx_word' id='word_1_314' title='bbox 1139 3939 1190 4013; x_wconf 85' lang='grc' dir='ltr'><em>4α,</em></span> 
     </span>
     <span class='ocr_line' id='line_1_40' title="bbox 224 4021 1188 4104; baseline 0.001 -19"><span class='ocrx_word' id='word_1_315' title='bbox 224 4027 289 4086; x_wconf 87' lang='lat' dir='ltr'><em>turn</em></span> <span class='ocrx_word' id='word_1_316' title='bbox 305 4023 478 4104; x_wconf 62' lang='lat' dir='ltr'><em>proconde</em></span> <span class='ocrx_word' id='word_1_317' title='bbox 501 4045 539 4087; x_wconf 92' lang='lat' dir='ltr'><em>ea</em></span> <span class='ocrx_word' id='word_1_318' title='bbox 562 4023 675 4103; x_wconf 83' lang='lat' dir='ltr'><em>quitus</em></span> <span class='ocrx_word' id='word_1_319' title='bbox 697 4025 782 4088; x_wconf 85' lang='lat' dir='ltr'><em>solus</em></span> <span class='ocrx_word' id='word_1_320' title='bbox 805 4024 837 4086; x_wconf 94' lang='lat' dir='ltr'><strong><em>A</em></strong></span> <span class='ocrx_word' id='word_1_321' title='bbox 850 4028 893 4088; x_wconf 94' lang='grc' dir='ltr'><em>2α</em></span> <span class='ocrx_word' id='word_1_322' title='bbox 915 4021 1104 4104; x_wconf 86' lang='lat' dir='ltr'><em>inquinatus</em></span> <span class='ocrx_word' id='word_1_323' title='bbox 1127 4027 1188 4086; x_wconf 89' lang='lat' dir='ltr'><em>est:</em></span> 
     </span>
    </p>

    <p class='ocr_par' dir='ltr' id='par_1_26' title="bbox 175 4107 1179 4198">
     <span class='ocr_line' id='line_1_41' title="bbox 175 4107 1179 4198; baseline 0.001 -25"><span class='ocrx_word' id='word_1_324' title='bbox 175 4135 204 4173; x_wconf 72' lang='grc' dir='ltr'><em>ιο</em></span> <span class='ocrx_word' id='word_1_325' title='bbox 269 4111 298 4192; x_wconf 92' lang='lat' dir='ltr'><em>I,</em></span> <span class='ocrx_word' id='word_1_326' title='bbox 318 4118 346 4174; x_wconf 91' lang='lat'><em>1.</em></span> <span class='ocrx_word' id='word_1_327' title='bbox 371 4108 577 4198; x_wconf 87' lang='lat' dir='ltr'><em>linquerent]</em></span> <span class='ocrx_word' id='word_1_328' title='bbox 603 4113 800 4196; x_wconf 85' lang='lat' dir='ltr'><em>linguerent</em></span> <span class='ocrx_word' id='word_1_329' title='bbox 823 4113 911 4177; x_wconf 87' lang='grc' dir='ltr'><em>Α2α</em></span> <span class='ocrx_word' id='word_1_330' title='bbox 935 4107 999 4192; x_wconf 90' lang='lat' dir='ltr'><em>(pr.</em></span> <span class='ocrx_word' id='word_1_331' title='bbox 1022 4109 1092 4192; x_wconf 78' lang='lat' dir='ltr'><em>en).</em></span> <span class='ocrx_word' id='word_1_332' title='bbox 1117 4117 1179 4190; x_wconf 87' lang='lat' dir='ltr'><em>4a,·</em></span> 
     </span>
    </p>

    <p class='ocr_par' dir='ltr' id='par_1_27' title="bbox 268 4195 1339 4281">
     <span class='ocr_line' id='line_1_42' title="bbox 268 4195 1339 4281; baseline -0.001 -18"><span class='ocrx_word' id='word_1_333' title='bbox 268 4201 298 4281; x_wconf 90' lang='lat' dir='ltr'><em>I,</em></span> <span class='ocrx_word' id='word_1_334' title='bbox 316 4207 346 4263; x_wconf 84' lang='lat'><em>5.</em></span> <span class='ocrx_word' id='word_1_335' title='bbox 371 4201 533 4265; x_wconf 88' lang='lat' dir='ltr'><em>humiliat</em></span> <span class='ocrx_word' id='word_1_336' title='bbox 542 4201 752 4266; x_wconf 86' lang='lat' dir='ltr'><em>exaltabitur</em></span> <span class='ocrx_word' id='word_1_337' title='bbox 763 4197 963 4279; x_wconf 86' lang='lat' dir='ltr'><em>(Lao.14,ll</em></span> <span class='ocrx_word' id='word_1_338' title='bbox 962 4195 992 4281; x_wconf 89' lang='lat'><em>)]</em></span> <span class='ocrx_word' id='word_1_339' title='bbox 1005 4199 1136 4265; x_wconf 86' lang='lat' dir='ltr'><em>exaltat</em></span> <span class='ocrx_word' id='word_1_340' title='bbox 1145 4198 1339 4262; x_wconf 86' lang='lat' dir='ltr'><em>humiliabi·</em></span> 
     </span>
    </p>

    <p class='ocr_par' dir='ltr' id='par_1_28' title="bbox 222 4283 1340 4546">
     <span class='ocr_line' id='line_1_43' title="bbox 435 4283 1338 4370; baseline -0.004 -17"><span class='ocrx_word' id='word_1_341' title='bbox 435 4295 494 4353; x_wconf 83' lang='lat' dir='ltr'><em>tur</em></span> <span class='ocrx_word' id='word_1_342' title='bbox 506 4287 595 4368; x_wconf 88' lang='lat' dir='ltr'><em>(itern</em></span> <span class='ocrx_word' id='word_1_343' title='bbox 607 4310 645 4352; x_wconf 86' lang='lat' dir='ltr'><em>ea</em></span> <span class='ocrx_word' id='word_1_344' title='bbox 656 4289 824 4370; x_wconf 73' lang='lat' dir='ltr'><em>Scriptura</em></span> <span class='ocrx_word' id='word_1_345' title='bbox 835 4287 946 4369; x_wconf 87' lang='lat' dir='ltr'><em>saara)</em></span> <span class='ocrx_word' id='word_1_346' title='bbox 957 4289 988 4351; x_wconf 89' lang='lat' dir='ltr'><strong><em>A</em></strong></span> <span class='ocrx_word' id='word_1_347' title='bbox 997 4295 1049 4352; x_wconf 92' lang='grc' dir='ltr'><em>2α.</em></span> <span class='ocrx_word' id='word_1_348' title='bbox 1062 4293 1093 4350; x_wconf 85' lang='grc'><strong>4.</strong></span> <span class='ocrx_word' id='word_1_349' title='bbox 1106 4293 1150 4351; x_wconf 92' lang='grc' dir='ltr'><em>4α</em></span> <span class='ocrx_word' id='word_1_350' title='bbox 1161 4283 1242 4366; x_wconf 84' lang='grc' dir='ltr'><em>(αοα</em></span> <span class='ocrx_word' id='word_1_351' title='bbox 1250 4285 1338 4369; x_wconf 62' lang='lat' dir='ltr'><em>Aa),</em></span> 
     </span>
     <span class='ocr_line' id='line_1_44' title="bbox 223 4374 1340 4458; baseline 0.001 -20"><span class='ocrx_word' id='word_1_352' title='bbox 223 4375 311 4458; x_wconf 88' lang='lat' dir='ltr'><em>isque</em></span> <span class='ocrx_word' id='word_1_353' title='bbox 334 4378 417 4442; x_wconf 89' lang='lat' dir='ltr'><em>solus</em></span> <span class='ocrx_word' id='word_1_354' title='bbox 440 4378 587 4441; x_wconf 87' lang='lat' dir='ltr'><em>lernrnata</em></span> <span class='ocrx_word' id='word_1_355' title='bbox 610 4398 634 4441; x_wconf 92' lang='lat' dir='ltr'><em>c.</em></span> <span class='ocrx_word' id='word_1_356' title='bbox 654 4383 706 4441; x_wconf 85' lang='grc'><strong>28.</strong></span> <span class='ocrx_word' id='word_1_357' title='bbox 724 4384 765 4441; x_wconf 89' lang='grc'><em>29</em></span> <span class='ocrx_word' id='word_1_358' title='bbox 790 4399 859 4441; x_wconf 87' lang='lat' dir='ltr'><em>curn</em></span> <span class='ocrx_word' id='word_1_359' title='bbox 874 4377 906 4440; x_wconf 93' lang='lat' dir='ltr'><strong><em>A</em></strong></span> <span class='ocrx_word' id='word_1_360' title='bbox 920 4384 962 4442; x_wconf 88' lang='lat' dir='ltr'><em>4o</em></span> <span class='ocrx_word' id='word_1_361' title='bbox 986 4375 1179 4441; x_wconf 88' lang='lat' dir='ltr'><em>consentiens</em></span> <span class='ocrx_word' id='word_1_362' title='bbox 1201 4395 1257 4439; x_wconf 90' lang='lat' dir='ltr'><em>suo</em></span> <span class='ocrx_word' id='word_1_363' title='bbox 1273 4374 1340 4440; x_wconf 90' lang='lat' dir='ltr'><em>loeo</em></span> 
     </span>
     <span class='ocr_line' id='line_1_45' title="bbox 222 4462 1338 4546; baseline -0.001 -18"><span class='ocrx_word' id='word_1_364' title='bbox 222 4464 319 4529; x_wconf 90' lang='lat' dir='ltr'><em>rnooit</em></span> <span class='ocrx_word' id='word_1_365' title='bbox 346 4472 375 4530; x_wconf 94' lang='lat' dir='ltr'><em>et</em></span> <span class='ocrx_word' id='word_1_366' title='bbox 402 4468 446 4530; x_wconf 93' lang='lat' dir='ltr'><em>ad</em></span> <span class='ocrx_word' id='word_1_367' title='bbox 470 4464 690 4545; x_wconf 83' lang='lat' dir='ltr'><em>subsequentia</em></span> <span class='ocrx_word' id='word_1_368' title='bbox 712 4465 840 4529; x_wconf 85' lang='lat' dir='ltr'><em>rettulit.</em></span> <span class='ocrx_word' id='word_1_369' title='bbox 891 4466 1006 4530; x_wconf 83' lang='lat' dir='ltr'><em>Teutas</em></span> <span class='ocrx_word' id='word_1_370' title='bbox 1031 4462 1174 4529; x_wconf 82' lang='lat' dir='ltr'><em>latorurli</em></span> <span class='ocrx_word' id='word_1_371' title='bbox 1200 4463 1338 4546; x_wconf 86' lang='lat' dir='ltr'><em>capitum</em></span> 
     </span>
    </p>
   </div>
   <div class='ocr_carea' id='block_1_4' title="bbox 0 0 1616 5032">
    <p class='ocr_par' dir='ltr' id='par_1_29' title="bbox 0 0 1616 5032">
     <span class='ocr_line' id='line_1_46' title="bbox 0 0 1616 5032; baseline 0 1"><span class='ocrx_word' id='word_1_372' title='bbox 0 0 1616 5032; x_wconf 95' lang='lat' dir='ltr'><em> </em></span> 
     </span>
    </p>
   </div>
  </div>
 </body>
</html>
