3222 5030
425 457 552 527 IONAS,
565 459 687 514 VITAE
705 458 934 514 commem
951 459 1060 516 LIBRI
1078 460 1118 518 H.
1297 466 1333 522 50

211 639 308 706 misit.
344 641 459 723 Itaque
472 640 668 723 quaestionis
676 640 851 723 paschalis,
867 662 963 723 quom
978 663 1108 708 oausam
1117 643 1333 726 principalem

212 729 416 813 rclepotionis
438 729 542 796 sancti
563 730 665 810 fuisse
686 750 787 812 supra
806 730 1027 808 demmsstraoi,
1051 730 1089 796 in
1111 731 1179 797 rita
1202 732 1270 798 eius
1292 754 1334 798 nc

212 819 303 884 verbo
316 817 443 901 quidem
458 818 646 884 mentionem
658 818 735 898 fecit
747 838 847 900 neque
861 817 947 884 inter
957 818 1177 886 obieuatimces
1187 820 1332 903 Aprestii

212 928 282 972 eom
304 906 454 988 admisit,
482 906 612 972 iuterim
640 907 726 972 euim
754 913 785 972 et
805 906 979 973 Bobieuscs
1001 915 1031 972 et
1052 908 1267 975 Inmommwes
1288 909 1334 975 ad

182 1020 196 1064 s
220 995 353 1060 Victorii
375 1016 502 1062 cursum
525 997 710 1078 paschalem
733 995 875 1062 conomsi
897 1002 998 1077 eraut,
1030 997 1206 1080 Ionamque
1228 997 1333 1080 ipsum

212 1083 296 1150 lonc
329 1083 580 1166 supputationem
613 1090 751 1150 seculum
784 1105 850 1150 esse
881 1105 920 1150 eu
949 1085 986 1150 V.
1017 1086 1177 1152 Iohannis
1206 1086 1333 1152 Ιίθοθα.1

213 1171 319 1254 collipi
353 1173 431 1238 licet.
478 1173 553 1237 Iam
587 1173 687 1238 aliam
721 1173 752 1238 ei
785 1194 915 1238 causam
950 1175 1071 1256 finpere
1102 1196 1224 1240 necesse
1253 1181 1330 1256 erat,

213 1283 341 1343 cumque
362 1261 400 1326 in
423 1263 459 1327 V.
483 1261 650 1327 Desiderii
672 1261 803 1345 lecisset,
827 1269 965 1344 quantae
988 1263 1186 1329 crudelitatis
1207 1259 1332 1328 Brunc-

213 1350 327 1418 cliildis
348 1349 471 1432 fuisset,
499 1350 635 1416 eidemt
622 1357 719 1416 totam
741 1351 865 1432 melpum
888 1351 1051 1416 attribuit:
1084 1353 1124 1417 cb
1153 1351 1227 1434 ipso
1248 1352 1333 1416 enim

169 1465 196 1508 ιο
213 1439 371 1504 contendit
358 1439 477 1522 trepis
499 1439 643 1505 animum
665 1439 702 1504 in
718 1446 863 1505 sanctum
884 1439 1081 1522 instipatum,
1101 1460 1249 1522 proceres
1271 1440 1332 1523 epi-

213 1548 388 1612 scoposaue,
412 1534 448 1593 ut
468 1527 552 1594 idem
569 1529 721 1609 facerent,
744 1528 929 1593 sollicitatos
943 1549 1018 1594 esse.
1057 1529 1241 1609 Manifesta
1256 1530 1333 1596 bueo

213 1615 282 1681 eius
296 1623 468 1682 commento
486 1616 589 1698 ipsius
610 1617 714 1682 sancti
736 1615 887 1698 epistulis,
911 1638 992 1698 quos
1010 1619 1055 1683 acl
1072 1639 1130 1683 uos
1145 1618 1333 1702 pervenisse

211 1706 422 1787 protulamur,
457 1705 555 1785 facile
587 1707 835 1788 redorpuuntur
883 1706 1034 1771 Sanctum
1064 1713 1168 1772 autem
1197 1729 1219 1771 a
1250 1727 1331 1789 repe,

213 1793 335 1875 repina,
360 1794 538 1860 custodibus
561 1793 720 1860 lenissime
742 1793 884 1859 hobitum
906 1816 981 1875 csse,
1004 1795 1053 1860 uel
1074 1815 1113 1860 ea
1133 1796 1236 1860 Ionae
1257 1816 1332 1860 nar·

168 1906 196 1950 u
213 1881 337 1947 ratione
360 1882 513 1966 intellepit
511 1904 561 1964 ur,
591 1885 676 1948 unde
703 1882 897 1964 comparatio
923 1882 1026 1965 ipsius
1049 1905 1118 1948 cum
1142 1883 1333 1949 Desulerio²

221 1970 394 2036 Viennensi
416 1971 519 2036 risum
541 1978 647 2036 mouet.
688 1970 904 2071 Suppressite
888 1970 992 2054 etium
1016 1971 1199 2053 quomodo
1185 1993 1223 2037 in
1240 1993 1331 2053 quae

212 2058 313 2124 stione
350 2059 449 2124 trium
486 2060 697 2142 capitulorum
730 2059 908 2142 opinionem
941 2080 1033 2124 sicam
1067 2067 1196 2125 sauctus
1223 2081 1332 2142 papae

214 2148 413 2229 opposuisset,
448 2148 571 2213 dum'
556 2170 661 2230 ipsum
695 2169 760 2214 nou
793 2147 946 2230 relinquit
978 2147 1135 2213 baeresim
1166 2148 1331 2214 Arianam

213 2235 404 2319 iumupnant
391 2239 490 2303 tem³·
512 2237 687 2303 Bobieuses
709 2236 795 2302 cuim
817 2236 973 2302 sententia
995 2243 1117 2302 mutato
1134 2237 1171 2302 in
1189 2237 1331 2337 aratiam

168 2350 197 2393 co
213 2325 298 2390 sedis
320 2326 545 2407 apostolicae'
531 2348 568 2390 θθθ
569 2325 660 2391 terim
677 2325 848 2406 redierant,
828 2332 907 2390 tut
921 2325 1066 2409 Aprestii
1083 2325 1332 2392 communionem

214 2435 283 2480 cum
321 2414 580 2496 Aquileiensibus
615 2415 684 2480 iam
720 2377 965 2497 improbarent
1027 2414 1174 2497 Denique
1215 2415 1332 2480 Trebia

214 2511 451 2570 commemorato
465 2503 668 2570 Hannibalis
686 2503 812 2584 quidem
829 2523 910 2585 picae
927 2509 1003 2588 post
1018 2525 1164 2586 pupnam
1186 2503 1233 2568 ibi
1255 2525 1331 2569 com-

213 2591 345 2657 missam
375 2614 413 2657 ec
439 2592 583 2658 bibernis
609 2593 776 2676 profectus
803 2593 981 2673 pertulerat
968 2593 1150 2658 tdomuo⁶
1178 2591 1330 2674 meminit,

214 2680 433 2746 Romanorum
443 2702 517 2746 vero
528 2680 726 2746 notissimam
737 2682 857 2746 cladem
868 2680 1096 2764 silentiopraet
1083 2680 1171 2746 teriit
1169 2681 1330 2764 „patriae

168 2793 197 2837 ss
214 2769 280 2836 nisi
302 2771 364 2849 foll
364 2791 409 2851 or,
433 2791 540 2834 amore
562 2773 681 2835 duobis

321 2821 479 2940 Exemplo
501 2859 604 2924 Ionas
626 2858 689 2924 sibi
712 2864 923 2940 proposuerat
950 2857 1033 2924 citos
1055 2845 1237 2924 sauctorum
1260 2859 1332 2924 cele-

214 2945 342 3028 briores,
358 2947 478 3013 scilicet
488 2947 627 3012 Antonii
641 2954 768 3013 auctore
779 2947 970 3026 Athanasio
988 2947 1131 3013 Pouliet
1144 2947 1333 3013 Hilarionis

214 3042 340 3101 auctore
363 3035 570 3119 Hieronymo,
598 3035 744 3101 Martini
773 3059 795 3101 a
819 3035 961 3118 Sulpicio
984 3036 1141 3101 Seuero
1128 3058 1165 3100 m
1196 3035 1333 3118 dialopis

214 3124 412 3206 descriptam,
437 3146 514 3208 quos
536 3125 637 3190 tribus
652 3124 834 3190 auctoribus
851 3123 1068 3206 Postumiana,
1090 3125 1212 3206 Seuero,
1237 3124 1332 3190 Gallo

170 3237 197 3280 so
214 3213 367 3296 attribuit,
392 3213 531 3295 Hilarii,
555 3213 728 3294 Ambrosii,
749 3211 924 3294 Aupustini
946 3212 1127 3278 auctoribus
1142 3211 1330 3294 Fortunato,

214 3301 371 3384 Paulino,
406 3303 555 3368 Possidio
564 3303 585 3365 ⁶.
639 3301 747 3367 Vitam
780 3301 945 3367 Dcsiderii
978 3300 1168 3366 Viennensis
1205 3307 1332 3366 auctore

215 3389 357 3458 Sisebuto
380 3398 408 3456 et
431 3391 561 3457 citauit7
584 3397 613 3456 et
636 3390 812 3456 adbibuit⁸.
859 3389 1011 3473 Greporii
1033 3389 1201 3455 Historiae
1224 3388 1331 3454 Fran-

213 3500 320 3546 corum
343 3480 446 3546 codice
468 3479 581 3546 classis
603 3479 636 3544 B
658 3479 762 3562 ipsum
791 3479 929 3559 fortasse
955 3499 1047 3544 usum
1074 3500 1139 3544 esse
1161 3499 1261 3561 supro
1283 3499 1332 3544 ec·

207 3568 313 3652 posui.
352 3569 509 3652 Repulam
531 3569 659 3651 aliaque
680 3567 829 3650 mcpmtri
850 3567 970 3650 scripta
991 3567 1133 3651 ritusque
1157 3568 1333 3634 Scottorum

169 3681 196 3724 ss
213 3657 319 3740 libros,
342 3657 438 3722 veluti
459 3657 723 3740 antiphonarium
741 3657 963 3723 Benclsorense
971 3658 993 3739 ⁹,
1017 3656 1047 3722 ei
1063 3663 1233 3740 praeterea
1248 3677 1333 3739 prce

212 3746 362 3812 manibus
383 3745 484 3826 fuisse
506 3747 562 3811 oia
584 3767 825 3812 commemorare
847 3767 969 3813 necesse
987 3753 1045 3812 est.

320 3835 495 3900 Auctorum
517 3835 690 3900 latinorum
714 3842 836 3902 tantam
853 3835 1019 3902 scientiam
1035 3835 1137 3902 Ionos
1158 3835 1197 3901 iu
1218 3834 1334 3906 sobolis¹

212 3923 426 3992 Bobieusibus
447 3923 511 3990 sibi
533 3931 720 4008 parauerat,
750 3932 903 4008 quantam
925 3925 980 3989 uic
1002 3925 1039 3990 in
1061 3925 1127 3990 alio
1149 3923 1239 3990 illius
1262 3923 1333 3990 aeui

214 4083 362 4151 1)SS.R.
381 4083 480 4138 Heroo.
499 4083 634 4150 111,505.
718 4084 747 4151 2)
773 4083 937 4136 Vacuus.
956 4081 981 4148 1,
1001 4084 1043 4136 27.
1128 4083 1157 4149 3)
1182 4079 1332 4144 10130

167 4157 240 4222 104)
259 4154 302 4208 10.
315 4155 357 4222 ΙΙ,
371 4157 397 4210 9.
425 4155 467 4220 Cf.
481 4154 650 4220 Hortmonn,
665 4153 767 4206 ‘.Gescls
778 4153 898 4206 Itoliens'
911 4153 951 4217 II,
968 4157 991 4217 1,
1007 4155 1110 4220 pios
1122 4154 1184 4207 235.
1250 4151 1279 4217 0)
1301 4151 1331 4204 V.

213 4226 329 4279 Columb.
343 4195 368 4292 1,
380 4229 423 4282 30.
478 4228 506 4294 0)
523 4226 564 4280 10.
577 4226 601 4292 1,
613 4229 637 4280 1.
692 4227 720 4291 7)
734 4225 776 4280 10
789 4225 813 4290 Ι,
823 4227 872 4280 27:
888 4223 964 4276 ouius
981 4221 1175 4290 gestascripta
1186 4219 1331 4286 habentur,

213 4295 311 4364 quibus
330 4299 358 4349 et
375 4295 484 4364 quantis
500 4265 709 4350 adversitatibus
724 4293 858 4364 gloriosus
870 4292 944 4362 apud
956 4291 1105 4344 Dominum
1117 4289 1218 4344 meruit
1230 4289 1332 4352 habore

212 4367 375 4434 triumphos.
465 4370 493 4436 8)
522 4368 565 4422 10.
584 4368 609 4434 I,
623 4371 675 4430 29,·
699 4369 733 4433 cf.
752 4366 799 4420 SS.
819 4365 853 4419 R.
873 4365 970 4418 Horou
988 4362 1045 4428 111,
1061 4377 1090 4428 p.
1104 4363 1165 4416 020
1249 4364 1278 4426 9)
1300 4361 1332 4416 V.

214 4439 329 4493 columb.
347 4439 390 4503 ΙΙ,
404 4441 446 4494 10.
