3222 5032
269 461 320 514 138
480 455 604 526 IONAS,
618 455 739 510 VITAE
759 455 987 512 COLUMBANI
1005 455 1113 512 LIBRI
1131 457 1171 514 II.

266 640 322 704 illo
337 640 421 704 hunc
436 641 475 704 ab
490 639 696 704 universitate
711 639 892 720 frequenter
906 639 954 704 ita
970 641 1179 719 oberrantem,
1199 639 1282 705 sicut
1298 643 1388 724 apud

268 729 494 793 Mobillonium
510 728 633 810 leqitur,
654 728 781 809 plenius
796 728 1034 794 enscribendum
1050 729 1161 794 curaui
1176 735 1205 794 et
1220 729 1386 810 qram'ores

265 817 525 901 interpolationes
539 817 705 898 hiatusque
721 839 826 882 onerces
844 817 946 882 attuli.
975 817 1228 900 Orthoqraphico
1240 824 1269 882 ei
1281 839 1385 899 qram-

266 907 383 971 matica
399 906 521 971 collatis
537 906 694 971 codicibus
709 905 827 970 admisi
843 929 889 987 ea,
910 927 989 988 quae
1008 906 1227 972 consuetudini
1246 907 1385 972 auctoris

266 1016 436 1078 couqruere
459 995 656 1059 uidebantur.
1407 1017 1421 1056 s

373 1085 429 1148 Aa
450 1085 533 1148 hanc
556 1105 670 1148 nouam
693 1083 859 1148 editionem
883 1086 1069 1164 parandam
1098 1105 1163 1148 non
1186 1084 1285 1149 solum
1309 1105 1385 1166 quos

265 1181 361 1238 antea
384 1173 593 1237 adhibueram
617 1172 735 1238 codices
758 1173 906 1236 nonnulli
928 1173 1042 1237 iterum
1060 1172 1218 1254 percolut'
1243 1173 1384 1257 plenius·

265 1284 324 1344 que
347 1284 432 1326 nuria
455 1261 605 1342 exscripti
627 1267 709 1341 sunt,
734 1261 905 1325 sedetiam
928 1264 1001 1326 nooi
1025 1259 1162 1326 adhibiti
1180 1262 1269 1326 haud
1284 1262 1385 1343 pauci

265 1358 358 1432 atque
380 1351 418 1414 iu
439 1357 574 1432 utroque
592 1371 626 1414 re
645 1357 792 1414 strenuus
810 1351 938 1414 adiutor
953 1372 1039 1415 meus
1054 1350 1156 1414 eutitii
1178 1351 1228 1416 W.
1246 1351 1385 1415 Leuison

264 1441 378 1504 socius.
418 1439 528 1502 Elium
551 1441 595 1504 od
609 1439 827 1504 describendos
850 1445 941 1520 atque
964 1439 1195 1504 examinandos
1211 1441 1385 1520 permultos
1404 1461 1430 1500 ιο

266 1529 385 1593 codices
414 1528 468 1610 qui
499 1549 583 1592 nunc
606 1529 728 1591 demum
752 1534 949 1592 accesserunt
974 1528 1011 1591 in
1036 1529 1241 1610 praefatione
1264 1550 1385 1593 enume-

264 1618 331 1682 rati
365 1639 491 1698 operam
525 1617 722 1698 studiumque
755 1617 839 1680 idem
873 1616 1040 1698 diliqeuter
1069 1617 1200 1682 contulit
1228 1624 1320 1698 atque
1347 1617 1384 1682 in

264 1707 478 1770 Britanniam
502 1706 664 1787 profectus
694 1727 800 1770 orienes
829 1705 884 1786 qui
913 1706 949 1769 in
980 1705 1173 1771 bibliothecis
1194 1705 1262 1770 illis
1284 1727 1384 1770 asser·

264 1802 383 1860 uantur
405 1797 482 1858 adeo
502 1794 711 1878 percucurrit,
735 1801 771 1858 ut
792 1794 828 1858 iu
847 1795 961 1858 classes
975 1816 1062 1859 meas
1077 1794 1228 1860 distribui
1244 1802 1381 1876 possent.

270 1884 331 1965 Qui
347 1891 516 1966 praeterea
539 1886 576 1948 de
594 1884 653 1948 hoc
676 1883 812 1947 editione
835 1883 947 1964 optime
969 1883 1074 1947 meriti
1097 1891 1179 1964 sunl,
1204 1885 1241 1948 de
1264 1891 1383 1948 oratura
1402 1904 1427 1943 1⁵

265 1973 404 2038 codicum
428 1973 541 2036 litteris
563 1972 649 2037 datis
672 1972 832 2037 certiorem
861 1994 909 2036 me
937 1971 1100 2052 facientes,
1131 1993 1182 2036 eos
1211 1973 1279 2036 suis
1308 1973 1384 2037 locis

264 2084 363 2142 supra
398 2061 491 2126 attuli
524 2083 622 2142 neque
660 2061 858 2143 sinqulorum
892 2062 1001 2125 laudes
1039 2067 1175 2141 repetere
1209 2061 1282 2126 libet
1318 2061 1384 2126 nisi

266 2151 403 2215 Henrici
435 2152 577 2232 Lebeque
610 2173 638 2214 u.
663 2172 698 2230 c.,
734 2149 789 2230 qui
823 2151 933 2213 ueolem
966 2150 1106 2214 codicum
1141 2150 1384 2216 Porisiacorum

264 2240 401 2319 feliciter
422 2239 590 2320 superauit.

372 2329 473 2392 Ionae
497 2349 573 2409 opus
595 2349 692 2408 usque
715 2328 819 2392 adhuc
842 2328 881 2390 ab
900 2326 1071 2390 editoribus
1089 2327 1126 2391 iu
1141 2327 1223 2391 uitas
1238 2327 1384 2409 sinqulas
1403 2351 1429 2388 so

265 2417 449 2480 dissolutum
472 2437 578 2497 neque,
602 2417 683 2480 sicut
701 2422 810 2480 arcctor
825 2415 892 2496 ipse
907 2415 989 2479 illud
1003 2415 1210 2498 disposuerat,
1234 2417 1270 2481 in
1286 2417 1384 2482 libros

265 2507 342 2569 duos
366 2504 556 2584 distinctum,
581 2511 681 2568 tentus
703 2510 806 2568 autem
830 2505 874 2567 ad
895 2505 979 2568 hunc
997 2504 1122 2569 illumne
1138 2507 1272 2570 codicem
1286 2505 1383 2570 inter-

258 2595 402 2676 polatum
430 2593 527 2656 obiter
549 2593 720 2657 recensitus
750 2599 806 2657 aut
836 2614 874 2656 eu
904 2592 1094 2657 editionibus
1121 2595 1383 2674 praecedentibus

265 2683 412 2763 repetitus
435 2688 511 2762 erat,
530 2687 702 2766 partesque
725 2681 801 2746 libri
824 2681 954 2746 secundi
978 2678 1018 2759 (c.
1037 2689 1079 2746 22
1096 2703 1143 2746 eu.
1160 2689 1189 2746 et
1205 2682 1263 2764 25)
1286 2683 1382 2748 etiam

264 2793 350 2835 nunc
372 2774 419 2834 ita
442 2769 594 2850 iacebant,
619 2771 700 2835 sicut
720 2772 843 2836 saeculo
865 2771 966 2835 XVI.
990 2791 1077 2836 more
1101 2771 1243 2836 Suriano
1266 2779 1382 2837 retrac·
1401 2795 1427 2834 es

265 2866 349 2924 tatae
371 2865 473 2924 erant.
520 2859 733 2924 Mobillonius
756 2859 821 2942 ipse
843 2859 911 2923 iam
934 2881 1026 2942 aeqre
1050 2861 1172 2940 tulerat,
1204 2863 1287 2941 quod
1310 2859 1382 2926 ‘ista

221 2984 222 2987 ¹
265 2949 367 3013 Ionae
390 2950 540 3033 opuscula
563 2949 707 3013 euhibere
730 2949 881 3013 continua
904 2949 984 3012 serie
1007 2948 1069 3013 sibi
1092 2949 1180 3013 haud
1201 2949 1299 3030 licuit,
1327 2949 1383 3031 qui

264 3045 445 3102 sanctorum
468 3045 540 3104 acto
563 3059 622 3120 quo
642 3039 771 3120 quisque
787 3037 930 3102 discessit
944 3059 1030 3102 anno
1045 3037 1167 3116 referre
1185 3038 1383 3118 propositum
1449 3079 1451 3084 ·

264 3127 415 3192 habebat.
464 3129 560 3193 Nunc
590 3130 712 3192 demum
743 3127 839 3192 libros
868 3127 940 3191 illos
970 3126 1006 3190 in
1031 3125 1210 3207 pristinum
1239 3127 1383 3192 ordinem

258 3216 386 3297 primus
408 3217 514 3299 redeqi
537 3224 628 3299 atque
651 3217 809 3281 codicibus
831 3222 977 3297 quotquot
998 3215 1143 3280 nancisci
1166 3221 1311 3296 poteram
1334 3237 1383 3280 eu·
1402 3241 1428 3279 so

264 3305 418 3370 aminatis
440 3306 607 3388 diliqenter
629 3305 781 3370 recensui.
828 3305 879 3368 Hi
909 3311 1012 3369 autem
1041 3310 1123 3384 sunt,
1154 3304 1209 3385 qui
1238 3311 1312 3370 onte
1334 3327 1383 3370 ene

264 3394 393 3458 edendis
416 3395 490 3458 aitis
512 3395 648 3477 sinqulis
671 3415 797 3474 operam
821 3397 990 3458 dederunt:

371 3482 521 3546 Boninus
537 3483 810 3562 Mambritius‚
829 3481 1066 3563 Sanctuarium,
1084 3481 1268 3546 Mediolani
1287 3487 1380 3562 1475,

265 3577 333 3634 tom.
360 3571 389 3650 J,
420 3572 477 3650 fol.
494 3578 685 3652 207—209,
718 3572 823 3636 Vitam
851 3569 1038 3636 Columboui
1061 3576 1237 3651 eucerplam
1267 3569 1380 3651 (incip.

264 3659 496 3740 Rutilantem)
513 3682 529 3722 e
548 3660 650 3724 codice
668 3659 860 3724 recensionis
875 3659 908 3722 B
927 3658 1025 3723 edidit
1045 3655 1101 3738 (cf.
1120 3660 1150 3740 I,
1171 3667 1198 3722 1.
1216 3653 1379 3743 plerique]
1401 3680 1428 3719 u

264 3748 352 3829 rell.;
382 3749 589 3832 plurimique
613 3749 752 3811 Membr.
777 3770 846 3812 cum
868 3748 901 3811 B
918 3757 966 3810 la.
992 3746 1039 3828 2).
1175 3753 1177 3757 ’

168 3858 245 3910 suso.
372 3837 501 3900 *Noua
524 3837 694 3919 leqenda
713 3837 879 3917 Anqlic,
905 3857 990 3900 anuo
1010 3844 1104 3900 1516.
1123 3835 1383 3917 ‘impressaLon-

264 3925 380 3991 danius
402 3925 439 3990 iu
457 3926 546 3989 domo
570 3925 728 3990 Winondi
752 3928 788 3990 de
811 3925 946 4002 Worde',
970 3925 1054 3989 uitas
1072 3932 1253 3990 sanctorum
1272 3926 1384 3990 ordine

264 4015 442 4080 litterarum
458 4014 594 4096 dipestos
611 4013 746 4079 continet
755 4017 775 4095 1,
800 4016 875 4078 dum
896 4015 980 4078 unde
994 4013 1067 4094 ipsa
1084 4016 1201 4094 pendet
1219 4012 1383 4080 ‘Sanctilo-

261 4104 351 4187 qiam
374 4103 523 4186 Anqliae'
547 4127 568 4170 o
592 4104 738 4167 Iohanne
761 4102 881 4168 vicario
905 4105 943 4167 de
963 4103 1153 4185 aneucuthe
1175 4124 1256 4168 saec.
1280 4103 1341 4167 XI
1346 4104 1382 4168 V.
1401 4125 1429 4173 40

264 4193 465 4274 compositum
480 4193 604 4257 dierum
619 4192 777 4257 natalium
793 4191 936 4257 ordinem
952 4190 1101 4273 sequitur,
1119 4198 1211 4272 utque
1225 4191 1281 4273 qui
1291 4192 1384 4256 illam

263 4282 432 4348 nouissime
455 4283 554 4347 edidit
573 4283 707 4348 Carolus
725 4283 767 4346 H
770 4287 957 4361 orstmau,
987 4280 1104 4344 Ouonii
1131 4286 1224 4360 1901,
1249 4281 1384 4346 codicem

263 4391 383 4452 quoque
398 4373 528 4436 contulit
543 4371 599 4453 qui
614 4372 670 4436 hoc
685 4369 830 4452 sanauit,
852 4368 1075 4435 Cottonianum
1090 4368 1215 4448 scilicet,
1237 4369 1384 4434 Tiberius

265 4541 292 4604 1)
311 4543 371 4595 Eas
388 4547 551 4596 enumeravit
569 4545 678 4612 Hardp,
697 4545 870 4611 ‘Desa-iptine
889 4542 1077 4608 Oatoloque'I,
1097 4544 1122 4608 2,
1137 4559 1166 4610 p.
1180 4544 1232 4596 736
1242 4559 1280 4610 sq.
