3226 5034
434 469 559 537 IONAS,
570 469 667 524 VITA
679 469 868 525 VEDASTIS
886 468 1070 526 EPISGOPI.
1258 473 1311 526 303

193 652 425 738 optatissimum
448 651 534 717 dedit
555 651 717 717 interualli
740 658 910 733 temporum
937 651 1134 732 admittendi,
1165 673 1225 733 qno
1252 653 1312 718 Tu-

193 742 284 807 ranis
299 742 416 806 Remos
433 762 491 804 reu
502 740 671 825 proficisci
684 740 847 822 potuisset,
870 743 954 805 unde
968 740 1121 822 inprimis
1135 740 1310 822 quaeritur,

193 838 300 896 utrum
321 830 370 894 ita
388 852 459 896 aum
479 829 582 894 codice
604 830 777 911 lependnm,
801 851 846 894 an
869 831 1025 914 permisit
1048 851 1119 894 cum
1140 829 1312 894 editoribus

194 919 410 986 anterioribus
433 918 651 984 coniciendum
672 918 724 983 sit.
770 919 846 999 Ipse
868 918 924 1000 qui
944 918 1073 999 primns
1095 920 1253 1003 promisit
1274 918 1312 984 in

157 1015 310 1076 utentum
339 1007 471 1073 admisit
497 1007 598 1072 editor
624 1006 814 1072 nouissimus
843 1006 1006 1088 dubitauit,
1037 1029 1083 1073 an
1106 1006 1214 1088 potins
1241 1029 1312 1093 per-

195 1099 290 1162 misit
319 1118 389 1162 cum
411 1097 554 1161 Frebero
584 1096 784 1161 scribendum
812 1102 899 1178 esset,
930 1119 992 1180 pro
1017 1117 1080 1176 pro
1108 1118 1170 1180 per
1200 1093 1239 1177 (e.
1261 1117 1311 1178 pr.

195 1189 436 1271 prosecutione
467 1185 529 1268 bis)
565 1184 661 1250 etiam
694 1184 774 1250 alibi
807 1187 847 1250 ab
881 1187 986 1249 eadem
1014 1184 1149 1249 librario
1173 1185 1313 1266 positum

196 1296 262 1340 esse
283 1281 363 1339 recte
384 1295 515 1338 monens
525 1275 546 1337 ¹.
585 1274 689 1338 Porro
704 1275 788 1354 quod
808 1295 867 1338 ren
890 1272 1054 1356 ‘promisit
1068 1273 1105 1339 id
1118 1281 1176 1338 aut
1189 1273 1313 1338 servari

196 1369 253 1428 ant
274 1385 340 1427 non
361 1363 486 1428 servari
508 1369 646 1446 poterat,
675 1362 806 1444 ideoque
827 1362 990 1446 promisso
1012 1363 1081 1427 eins
1109 1383 1162 1427 res
1183 1362 1313 1427 minime

152 1452 303 1520 indecisa
325 1458 413 1533 erat,·
446 1451 644 1534 annualem
664 1451 859 1534 prmaissnm
887 1451 940 1516 bic
969 1457 1110 1533 eapeetet,
1140 1451 1195 1516 nbi
1223 1452 1314 1530 facta

196 1540 403 1622 requiruntur
425 1543 498 1622 bapt
487 1541 566 1606 linat
553 1540 636 1694 tique
658 1540 743 1639 repis
766 1540 919 1622 triurnpbi
940 1561 1013 1604 mou
1035 1539 1218 1623 sinpnlatim
1240 1563 1313 1605 enu-

196 1629 385 1694 merantur?
430 1631 476 1694 At
464 1629 645 1711 quaestio
674 1629 744 1693 sine
772 1629 866 1693 dubio
895 1650 1018 1781 mapna
1044 1650 1083 1694 en
1109 1636 1205 1710 parte
1237 1629 1314 1694 inde

190 1721 317 1871 pendet,
332 1725 439 1783 utrum
455 1721 613 1804 promisit
629 1740 698 1783 curn
714 1718 833 1817 lepibus
844 1724 1004 1817 prammat
1004 1717 1065 1782 icis
1079 1718 1314 1783 conciliandum

194 1807 237 1871 sit
258 1829 378 1872 annon.
424 1807 617 1872 monicus
643 1808 769 1872 Traube
794 1807 847 1870 oir
869 1806 1068 1872 doctissimus
1096 1806 1228 1872 consilio
1257 1828 1314 1871 sno

151 1918 243 1964 nme
266 1903 420 1977 petentem
446 1897 561 1960 iterum
591 1895 866 1975 officiosissime
852 1917 969 1960 inuans
997 1895 1034 1960 id
1061 1895 1190 1978 nepaoit
1222 1902 1314 1994 atque

195 1985 265 2050 lect
240 1991 356 2050 tionem
378 1987 536 2069 permisit
558 1985 668 2066 potins
691 1984 919 2050 admittendam
945 2006 1010 2049 esse
1039 1991 1131 2048 ratus
1152 1991 1199 2048 est
1196 2035 1206 2066 ,
1235 1984 1314 2066 qnia

197 2073 254 2138 ‘me
277 2073 410 2156 baptino'
427 2094 491 2156 pro
515 2072 677 2156 ‘baptizor‘
700 2073 766 2138 dici
788 2073 941 2154 nequiret.
993 2073 1116 2138 Causae
1138 2072 1239 2156 ipitnr
1266 2072 1314 2137 in-

195 2162 326 2227 teriores
359 2163 498 2245 lepesque
529 2162 758 2244 prammatieae
794 2164 918 2227 obstare
952 2162 1108 2244 uidentur,
1146 2161 1315 2243 quominus

196 2251 284 2316 lectio
307 2253 466 2336 promisit
488 2258 639 2316 seruetur.

148 2369 178 2408 so
304 2339 393 2405 ‘Sine
421 2341 521 2405 mora’
550 2347 654 2405 autem
681 2340 912 2406 Cblodooecbus
940 2361 998 2404 rea
1021 2339 1189 2404 Nicetiot
1176 2346 1250 2404 teste
1281 2361 1314 2404 se

62 2450 68 2462 ·
196 2429 285 2512 bapt
271 2451 361 2494 nare
391 2429 547 2512 permisit,
575 2436 747 2513 postquam
782 2428 922 2494 ‘humilis
955 2430 1000 2494 ad
1032 2428 1141 2494 domni
1169 2428 1315 2493 Martini

196 2517 311 2582 limina
345 2517 475 2600 cecidit,
510 2519 650 2583 Turonis
682 2519 809 2600 scilicet,
788 2525 942 2618 tneqnu
969 2517 1129 2600 promisit,
1163 2517 1201 2582 id
1232 2519 1316 2599 qnod

189 2607 376 2689 promittere
409 2629 475 2672 non
502 2614 639 2690 poterat,
674 2609 814 2690 quodque
842 2607 872 2672 si
901 2607 972 2672 sine
1000 2628 1092 2672 mora
1119 2606 1315 2688 promissum

196 2703 281 2777 esset,
310 2696 366 2760 oin
391 2696 559 2778 qnisquam
586 2697 698 2780 mapni
726 2697 874 2762 manenti
902 2697 955 2762 ins
955 2703 1009 2761 tar
955 2695 1198 2761 tbabiturus
1226 2702 1313 2760 essct.

148 2813 178 2853 ιι
200 2747 339 2850 anbnis
361 2785 391 2850 si
408 2808 512 2868 repom
526 2786 730 2851 Francorum
746 2789 820 2868 bapt
819 2786 939 2850 iratum
954 2807 1084 2850 essea
1033 2791 1062 2848 st
1062 2785 1192 2865 alueris,
1208 2806 1316 2849 annus

196 2895 285 2954 quem
302 2875 478 2957 Greporins
493 2875 630 2939 tradidit
644 2881 718 2938 496.
733 2896 769 2956 p.
787 2875 866 2940 Cbr.
883 2875 1105 2954 difficultatem
1120 2874 1221 2953 babet,
1238 2894 1315 2936 nam

197 2984 227 3025 a.
245 2969 320 3026 507.
345 2965 469 3027 demum
491 2963 626 3028 Alarico
649 2963 768 3028 deuicto
789 2965 867 3028 urbs
888 2963 949 3027 illa
970 2962 1008 3026 in
1031 2961 1186 3026 dicionem
1208 2961 1315 3024 Fran-

197 3072 304 3115 corum
326 3053 455 3116 redacta
481 3057 541 3128 est;
564 3058 736 3132 praeterea
764 3050 837 3115 licet
856 3051 1042 3114 Remensem
1069 3051 1178 3113 urbem
1207 3055 1317 3114 auctor

197 3138 251 3202 ille
273 3137 403 3202 minime
425 3138 647 3220 nominaverit,
670 3145 778 3204 tamen
800 3159 838 3202 en
860 3137 1045 3202 anctoritate
1059 3158 1155 3218 qnam
1170 3137 1316 3218 Remipio

151 3255 180 3294 so
198 3225 339 3308 episcopo
370 3226 546 3308 baptizanti
575 3226 721 3292 attribuit
749 3229 858 3292 eadem
887 3225 1032 3291 concludi
1058 3231 1192 3306 poterat,
1221 3247 1316 3306 prae·

198 3314 306 3378 sertim
329 3337 399 3380 cnm
422 3315 597 3380 canonibus
619 3322 764 3380 sanctum
786 3321 873 3397 esset,
897 3337 937 3380 ne
958 3315 995 3379 in
1018 3313 1170 3380 dioeceses
1192 3315 1317 3379 alienas

199 3403 361 3484 episcopus
383 3403 527 3468 inrueret
536 3406 557 3466 ².
605 3405 669 3469 Sed
697 3404 758 3469 bac
780 3406 818 3469 de
846 3425 882 3468 re
905 3409 1026 3485 postea.
1077 3402 1166 3468 Certe
1195 3409 1318 3468 constat

205 3492 413 3574 Wisipotbieo
442 3493 520 3557 bello
548 3492 642 3573 [inito
670 3493 920 3558 Oblodooecbum
949 3513 1053 3574 repom
1083 3495 1192 3556 urbem
1219 3493 1316 3556 Turo-

198 3603 326 3646 nensem
348 3603 468 3664 mapna
490 3603 560 3646 eum
574 3581 781 3646 sollemnitate
802 3582 981 3664 inpressum
995 3603 1061 3646 esse
1075 3587 1105 3645 et
1120 3582 1154 3646 S.
1171 3581 1317 3646 Martini

151 3699 180 3738 ss
199 3669 359 3735 malasiam
388 3669 507 3735 adiisse
518 3671 538 3752 ³,
569 3673 660 3736 onius
689 3671 738 3736 rei
766 3671 804 3736 in
826 3671 910 3736 calce
936 3670 1041 3752 operis
1063 3669 1115 3735 sui
1142 3670 1317 3752 Greporins

198 3758 313 3822 iterum
335 3759 508 3841 menanti,
538 3766 630 3840 atque
652 3782 691 3825 ea
716 3760 791 3842 ipsa
813 3759 975 3825 occasione
997 3781 1101 3842 repom
1123 3760 1317 3841 baptizatum

199 3869 264 3912 esse
286 3847 362 3912 olim
391 3847 595 3913 conieceram.
641 3850 697 3914 Ao
724 3850 782 3914 boe
809 3848 1019 3914 Oblodooecbi
1048 3848 1110 3914 iter
1135 3849 1317 3914 Turonense

200 3935 322 4001 Nicetii
337 3937 503 4018 epistulam
520 3938 725 4020 Supslrenns⁵
739 3944 813 4003 ante
830 3959 879 4002 me
893 3937 962 4002 iam
976 3939 1149 4018 rettulerat,
1173 3939 1317 4002 ordinem

199 4045 306 4088 rernm
328 4027 369 4090 ab
391 4032 517 4090 anctore
541 4029 761 4107 perturbatum
783 4048 849 4092 esse
871 4033 1020 4107 statuens,
1051 4027 1193 4107 bonoque
1216 4025 1317 4107 ipsius

152 4197 182 4236 4ο
201 4180 227 4250 1)
247 4181 358 4232 Notarir'
337 4199 470 4249 oropum
487 4183 658 4236 Francorum
675 4200 726 4251 per
739 4200 792 4250 por
808 4189 901 4235 notam
918 4182 1112 4249 exprimebant,
1130 4199 1197 4249 quae
1214 4199 1265 4249 pro
1284 4183 1318 4233 ab

199 4255 332 4318 imperitis
350 4255 431 4317 facile
445 4256 579 4322 explicari
592 4261 706 4320 poterat,
724 4256 789 4306 dnm
801 4255 849 4307 boc
863 4254 1040 4322 perscribunt.
1103 4221 1134 4318 ’2)
1146 4253 1266 4305 Camilia
1277 4254 1316 4307 nl.

199 4323 328 4374 Maussen
346 4325 367 4374 I
363 4341 415 4391 ,.p
429 4328 473 4380 78
527 4327 554 4390 3)
568 4326 655 4392 Grep
669 4326 707 4380 H.
720 4327 770 4380 Fr.
782 4326 823 4390 II,
836 4328 879 4380 38.
934 4325 962 4394 4)
977 4324 1318 4391 maurusam

199 4394 307 4446 Licinio
325 4399 443 4463 episcopo
463 4397 631 4448 Turonenei:
656 4395 754 4462 Huius,
780 4399 877 4463 inquit,
899 4399 1024 4463 tempore
1042 4393 1249 4448 chlodovechus
1267 4412 1318 4448 rex

199 4465 290 4518 victor
307 4465 342 4518 de
360 4467 443 4520 caede
458 4466 611 4520 Gothorum
624 4466 751 4520 Turonas
769 4467 859 4523 rediit.
922 4470 951 4535 5)
971 4469 1031 4522 ΑΛ.
1050 4467 1098 4522 SS.
1119 4468 1171 4522 Oct
1191 4468 1214 4533 I,
1232 4485 1259 4535 p.
1272 4469 1316 4522 83.
