3222 5030
305 459 341 514 50
519 452 645 523 lonso,
657 451 782 510 vfflls
800 451 1029 511 commum
1047 453 1156 512 LIBRI
1173 455 1213 514 Π.

308 637 421 718 functo
452 635 637 706 missorum.
654 636 821 703 sollemnia
853 637 1023 703 mensarios
1054 657 1154 704 causa
1187 637 1346 705 tricesimo
1378 638 1432 704 dio

307 746 394 790 more
417 723 626 791 entesiastico
644 725 819 792 celebrabat
826 726 848 790 ¹.
887 725 1034 808 Denique
1049 728 1148 792 obbas
1162 733 1288 794 creatus
1304 749 1336 792 a.
1353 733 1430 792 659.

306 835 413 880 urense
437 813 611 879 Novembri
632 812 723 880 iussu
746 811 926 880 Oblotbarii
947 813 1033 898 repis
1054 814 1181 898 eiusque
1203 815 1319 882 matris
1339 815 1430 882 Batt-

308 901 407 969 bitdis
429 903 475 967 ad
495 904 604 968 urbem
624 900 876 969 Oabilioueuscm
897 902 1016 968 misum
1037 909 1091 985 est,
1114 903 1301 986 itinerisque
1323 904 1430 970 labore

307 991 412 1090 sessore
430 1011 630 1144 pampauoos
652 990 721 1056 dies
742 989 780 1056 iu
801 990 993 1058 monasterio
1012 992 1046 1058 S.
1063 992 1224 1058 Iobouuis
1238 991 1462 1059 annunti·

308 1100 465 1162 requiesce
519 1127 528 1142 .

416 1186 532 1268 Itaque
566 1185 669 1252 Ionas
705 1185 897 1252 monasterio
930 1185 1085 1253 Bobieusi
1118 1187 1226 1254 retioto
1259 1187 1321 1254 buc
1352 1187 1430 1254 iltuo

303 1274 429 1356 passim
456 1281 591 1357 capatus
612 1280 666 1356 est,
696 1273 811 1357 ubique
832 1296 868 1340 eo
890 1274 1038 1341 libentius
1059 1282 1209 1376 receptus,
1239 1297 1300 1359 quo
1321 1274 1430 1342 ntum

309 1362 489 1428 litterarum
517 1361 619 1445 periti
649 1362 687 1429 iu
721 1362 841 1428 Gabiis
874 1369 948 1430 tunc
981 1363 1207 1447 reperirentur.
1258 1363 1429 1430 Desiderio

308 1450 394 1517 enim
432 1453 545 1533 eaden,
584 1471 775 1534 quocumque
811 1452 955 1534 occant,
993 1452 1140 1518 ennam
1177 1452 1430 1554 monasterioque
1447 1477 1477 1517 ιο

217 1563 292 1615 niu
309 1541 503 1622 tenebantur,
527 1502 611 1606 iitoe
632 1539 751 1606 scilicet
770 1539 907 1626 patroni
929 1538 1158 1624 possidendae,
1190 1541 1279 1624 abac
1300 1548 1430 1624 roqotus

308 1628 406 1708 facite
440 1590 596 1708 satisfecit
628 1635 748 1711 auctor,
781 1631 819 1695 de
850 1651 911 1712 quo
944 1629 1062 1713 coitur.
1115 1630 1265 1713 Soorpim
1297 1633 1430 1696 adverso

309 1716 444 1796 flumine
467 1716 628 1799 navigans
642 1718 688 1783 od
701 1717 889 1783 Atrebatum
902 1719 1011 1784 urbem
1029 1719 1184 1803 pervenit,
1207 1718 1263 1786 ubi
1281 1719 1431 1784 Vedastes

309 1805 472 1888 episcopia
505 1805 628 1887 colitur,
663 1805 819 1888 baiasque
851 1806 959 1888 vitam,
994 1829 1076 1890 quoe
1104 1807 1228 1874 auctori
1256 1829 1339 1874 saec.
1369 1807 1428 1874 VI.

310 1901 384 1960 onte
406 1916 454 1959 me
477 1893 718 1976 attribuebatur,
735 1895 845 1976 potius
860 1896 963 1961 Ionae
985 1917 1127 1962 sermone
1150 1896 1350 1978 compositam
1365 1917 1430 1961 esse
1447 1917 1475 1959 m

308 1989 375 2049 tom
398 1983 492 2049 certes
513 1982 711 2066 argumentis
734 1983 879 2065 probavi,
909 1991 945 2049 ut
965 1985 1013 2050 vet
1035 1984 1232 2051 aommssimi
1253 1984 1429 2050 stadiorum

308 2093 448 2138 unorum
463 2071 646 2137 adversarii
661 2072 806 2153 quomms
819 2071 915 2137 inviti
932 2073 1040 2153 facere
1058 2095 1124 2138 non
1141 2072 1326 2155 potuissent,
1350 2071 1430 2154 quin

309 2161 491 2243 opuscutmn
512 2159 628 2226 incerti
649 2160 790 2226 auctoris
812 2161 936 2227 auctori
957 2182 1014 2226 suo
1036 2184 1058 2227 o
1079 2183 1128 2227 mc
1149 2168 1230 2227 recte
1252 2160 1430 2226 restitutum

309 2270 374 2314 esse
397 2249 616 2314 consentirent.
663 2247 790 2314 Deinde
815 2249 853 2314 in
874 2249 1067 2315 monasterio
1089 2249 1280 2314 Remnaensi
1302 2269 1429 2315 commo

309 2343 401 2402 ratus
423 2335 530 2400 Vitam
548 2337 710 2402 Iohannis
732 2337 857 2403 abbatis
879 2360 910 2403 o.
928 2345 1003 2402 659.
1027 2338 1177 2419 obaudibit,
1201 2337 1292 2404 euius
1314 2343 1430 2403 tectum
1447 2362 1476 2403 n

304 2424 536 2507 primipeninm
559 2446 575 2490 e
598 2425 756 2491 codicibus
778 2433 901 2492 erutum
924 2427 1076 2510 princeps
1102 2426 1199 2492 edidi.
1250 2426 1370 2509 Quibus
1392 2428 1430 2491 de

310 2512 385 2578 vitis
407 2535 477 2578 oum
499 2513 594 2594 infra
617 2516 774 2597 apendum
795 2514 846 2596 sit,
877 2514 944 2580 iam
970 2517 1015 2580 ad
1036 2515 1270 2581 celeberrimum
1292 2515 1430 2580 eiusdem

310 2602 451 2667 auctoris
474 2623 551 2684 opus
573 2608 782 2685 transeamus,
806 2603 913 2669 Vitam
941 2603 1059 2669 seilicet
1086 2603 1273 2670 Oobunoboni
1296 2603 1429 2685 discipu·

310 2691 471 2774 tornmque
493 2691 570 2756 eins.

417 2799 554 2864 Fratres
571 2798 746 2864 Bobienses
764 2821 833 2864 eum
852 2821 876 2864 c.
893 2820 924 2863 a.
942 2805 1017 2864 639.
1040 2799 1197 2882 reviseret,
1222 2801 1323 2864 Ionas
1340 2799 1430 2863 iussu
1447 2823 1475 2864 n

309 2889 451 2969 Bertubfi
473 2895 645 2970 rapotuone
663 2907 771 2952 eornm
786 2887 950 2968 pollicitus
972 2890 1039 2952 est²
1061 2909 1094 2952 se
1116 2887 1305 2953 Columbani
1322 2887 1430 2969 patris

310 2984 467 3043 tenturum
497 2998 562 3042 esse
589 2982 678 3059 pesto
707 2997 805 3057 neque
827 2996 900 3040 vero
923 2982 997 3040 ante
1019 2975 1193 3041 triennium
1216 2977 1261 3041 ad
1281 2977 1430 3041 solvenda

310 3073 382 3132 voto
404 3065 562 3152 pervertit,
593 3086 663 3130 cum
687 3065 836 3129 Amando
865 3063 1035 3130 adiunctus
1061 3064 1268 3147 fluctibusque
1291 3065 1430 3147 epitatus

310 3156 365 3222 vica
394 3156 456 3221 otio
485 3154 648 3236 studioque
677 3152 897 3218 abundaverit.
949 3153 1087 3218 Interim
1111 3153 1309 3236 propositum
1338 3173 1430 3218 sunm

311 3245 406 3312 etiam
441 3246 486 3310 ad
518 3243 690 3325 discipulos
722 3241 871 3325 mapistri
900 3263 1009 3324 eosque
1038 3244 1228 3324 entenderot,
1262 3241 1318 3324 qni
1346 3241 1431 3306 inter
1448 3265 1475 3306 so

310 3340 477 3399 sectatores
506 3332 644 3398 eiusdem
673 3331 810 3397 eminere
838 3330 901 3396 sibi
929 3330 992 3395 visi
1021 3337 1122 3411 aaut,
1157 3352 1256 3413 neque
1285 3351 1365 3412 quae
1393 3329 1430 3395 in

310 3421 514 3486 monasteriis
537 3428 566 3485 et
587 3419 742 3485 Bobiensi
764 3427 793 3485 et
813 3419 1027 3484 Enoriacensi
1047 3426 1136 3501 qesta
1158 3426 1250 3484 erant
1272 3417 1432 3484 miracuta

311 3509 441 3591 sinpula
478 3508 648 3573 memoriae
693 3511 819 3573 tradere
850 3507 1078 3590 praetermisit.
1144 3507 1230 3587 Opus
1267 3507 1432 3571 abbatibus

312 3596 509 3662 lemoviensi
531 3595 753 3677 Rabiensiqne,
784 3596 902 3660 scilicet
925 3595 1125 3660 Wotdeberto
1154 3593 1260 3674 etqui
1282 3593 1432 3674 Bertutso

311 3684 442 3750 interim
456 3690 648 3749 successerat
660 3683 830 3764 Boboteno,
854 3681 993 3747 dicatum
1008 3682 1045 3746 in
1060 3683 1139 3746 dnos
1153 3680 1251 3745 libros
1266 3680 1330 3746 dist
1329 3679 1432 3748 iniit:
1450 3706 1477 3748 a

312 3775 453 3859 primus,
470 3771 584 3854 inquit,
565 3773 697 3837 tbeabi
712 3771 901 3836 Columbae
917 3775 1016 3854 gesta
1031 3771 1242 3854 perstringit,
1260 3773 1431 3836 secundus

314 3863 561 3946 discipulorum
586 3862 660 3925 eius
679 3859 840 3937 Athalae,
866 3859 1030 3923 Eusbhnsi
1051 3859 1107 3924 vel
1131 3862 1321 3924 ceterorum
1346 3881 1431 3944 quos
1563 3858 1566 3862 ’

313 3952 532 4016 meminimus
547 3951 654 4014 vibam
671 3949 838 4014 edisserib
881 3945 1069 4012 Ootnmboni
1085 3946 1284 4013 historiam
1269 3969 1308 4014 in
1319 3948 1432 4030 priore

313 4039 390 4105 iibri
412 4039 443 4104 Ι.
461 4044 620 4122 partec
588 4035 630 4118 (c
656 4043 726 4101 1—
682 4038 792 4120 -17)
820 4056 918 4117 usqne
946 4037 991 4101 ad
1018 4036 1212 4102 monasteria
1241 4036 1279 4104 in
1308 4038 1431 4120 Vosoao

314 4127 442 4194 condita
453 4125 616 4210 perduxit,
635 4123 756 4192 additis
773 4123 940 4190 miraculis
954 4145 1035 4207 qnae
1050 4131 1178 4192 sanetus
1192 4125 1308 4192 ibidem
1320 4133 1431 4209 potro-
1448 4149 1477 4191 oo

313 4217 427 4300 visset,
446 4215 607 4300 posterior
628 4234 725 4297 eoque
748 4213 873 4297 tonpior
893 4212 990 4279 buius
1011 4213 1087 4279 iibri
1102 4236 1186 4297 pars
1209 4213 1250 4296 (c.
1271 4217 1429 4299 18-30)

316 4426 344 4494 1)
368 4426 400 4481 V.
419 4424 535 4480 columb.
551 4425 649 4494 11,12
738 4427 768 4494 2)
796 4424 839 4490 Of.
858 4425 997 4494 opmenn
1015 4425 1046 4481 V.
1066 4425 1225 4480 cunmoont
1242 4427 1430 4493 promissam.
