3222 5032
435 465 562 534 IONAS‚
576 465 696 521 VITAE
716 466 944 522 COLUMBANI
961 467 1071 522 LIBRI
1088 469 1128 525 H.
1291 475 1343 528 103

219 653 315 727 atque
345 653 446 711 tentus
473 669 553 736 cnm
571 649 671 714 classe
701 651 909 732 praecedente
945 650 1174 716 necessitudine
1203 655 1342 734 quadam

221 735 408 801 coniunctus
430 743 494 800 est:

279 841 309 922 J,
329 849 356 907 1.
382 839 582 928 praeterita]
607 845 753 928 posteris
776 844 808 908 A
822 851 857 923 6;
889 867 949 928 per
974 849 1069 911 certa
1091 847 1138 910 nel
1161 869 1222 931 pro
1247 852 1341 913 certo

188 1045 202 1084 s
293 1018 336 1082 ib.
383 1015 573 1104 quatiente]
600 1023 822 1086 concuciente
845 1023 910 1086 At
935 1044 1005 1088 cum
1028 1023 1132 1103 A5a3

279 1109 355 1188 Le.
381 1131 448 1192 quo
471 1104 597 1193 truces]
623 1112 715 1193 quod
738 1115 853 1176 truces
876 1109 908 1171 A
922 1118 957 1188 63
983 1114 1076 1196 quod
1100 1133 1217 1178 cruces
1240 1115 1340 1192 A5a;

279 1197 309 1276 I,
328 1204 359 1260 3.
383 1193 473 1282 pilis]
499 1198 563 1261 As
588 1219 658 1262 cnm
684 1199 757 1262 As.
782 1206 835 1264 ba.
858 1199 910 1282 B,·

279 1286 358 1366 Le.
383 1283 629 1372 Vieensimum]
654 1289 878 1354 Tricesimum
901 1289 965 1352 A6
990 1310 1060 1354 cum
1084 1290 1159 1354 Ae.
1185 1296 1214 1352 5.
1239 1290 1281 1372 B,

222 1373 304 1439 sicut
325 1376 425 1440 locum
449 1397 474 1440 c.
492 1383 544 1440 20.
569 1377 614 1440 ud
627 1376 877 1458 Rapnmundnm
899 1384 1086 1460 spectantem
1100 1378 1255 1444 librarius
1274 1401 1344 1445 cnm

174 1489 203 1527 ιο
222 1464 255 1526 Α
269 1471 298 1528 3.
318 1471 347 1528 5.
368 1463 402 1528 Β
437 1465 512 1529 herle
546 1465 694 1529 seruauit.
740 1471 893 1531 Attamen
927 1473 971 1531 tot
998 1467 1182 1548 peculiaria
1215 1468 1253 1532 in
1286 1469 1343 1534 hoc

223 1551 327 1618 codice
342 1554 627 1634 deprehenduntnr,
649 1561 685 1618 ut
698 1554 802 1635 iussum
817 1555 990 1636 separatim
1005 1577 1192 1622 enumerare
1206 1558 1341 1622 mallem.

222 1641 418 1707 Postuerta
441 1663 466 1707 c.
487 1650 513 1706 1.
538 1645 681 1708 scientie
704 1645 802 1709 fonte
822 1644 886 1708 As
910 1644 1002 1708 addit
1024 1647 1181 1724 confessi,
1206 1646 1262 1711 nbi
1283 1646 1344 1711 alii

223 1730 293 1795 alia
314 1731 597 1816 interpolaverunt,
628 1738 720 1813 atque
737 1733 837 1813 paulo
859 1732 953 1812 infra
976 1739 1061 1800 tectu
1083 1734 1212 1799 omnino
1234 1735 1343 1799 inimu-

223 1825 288 1884 tuto
321 1819 405 1884 idem
438 1819 487 1885 ita
513 1820 642 1904 perpit:
675 1822 907 1906 refulgentem
942 1823 1023 1887 stilo
1058 1826 1217 1906 pertenui
1249 1846 1343 1908 prae-

176 1933 203 1970 15
223 1911 431 1992 sumpsimus
461 1911 606 1994 adgredi
628 1909 745 1974 vitam.
793 1910 1026 1975 Columbanus
1052 1913 1161 1994 igitur
1184 1913 1343 1996 simplici·

222 2001 333 2062 tatem
366 1999 473 2062 animi
503 2000 607 2063 etiam
637 2000 786 2063 nominis
808 1999 977 2063 vocabulo
1008 2001 1146 2083 signans
1170 2001 1343 2065 ortus'est

224 2087 394 2152 Hibernia
418 2085 481 2167 (ita
503 2087 619 2168 incipit
642 2109 666 2152 c.
685 2089 732 2170 2).
775 2086 950 2151 Librarius
972 2087 1069 2152 cerba
1085 2087 1239 2170 persaepe
1261 2091 1343 2154 male

223 2175 407 2258 intellepens
429 2182 546 2240 tectum
568 2175 681 2240 misere
704 2175 906 2257 depravavit:

280 2282 311 2362 I,
329 2289 360 2346 2.
384 2287 467 2347 nota
490 2277 605 2367 litora]
630 2283 796 2348 nataliter
818 2305 878 2348 ora
900 2283 933 2346 A
947 2289 982 2362 6;

178 2395 205 2433 20
295 2371 337 2434 ih.
385 2373 534 2436 candore
557 2367 678 2456 terras]
705 2373 833 2437 candor
856 2375 1024 2438 etiterras
1048 2376 1080 2437 A
1095 2378 1131 2451 6;

297 2460 341 2524 ib.
388 2461 501 2526 calore
525 2457 731 2543 madentem}
758 2462 906 2526 calorem
930 2464 974 2526 ad
998 2484 1134 2527 omnem
1157 2462 1190 2526 A
1204 2467 1240 2540 6;

297 2548 339 2613 ib.
386 2544 603 2633 Exterorum]
629 2552 693 2614 hee
716 2554 871 2615 tororum
895 2551 927 2614 A
941 2557 969 2629 6,

225 2637 395 2718 alteroque,
429 2637 495 2702 nisi
528 2636 636 2719 fallor,
665 2659 787 2720 parum
816 2639 1013 2705 articulatim
1043 2640 1180 2707 dictante
1210 2639 1345 2706 codicem

225 2725 380 2790 euaranit.
428 2771 430 2773 >

179 2838 205 2876 25
331 2814 479 2896 Inspexit
499 2815 546 2879 H.
570 2813 712 2898 Lebepne
734 2837 763 2880 u.
787 2838 812 2881 c.

338 2921 464 2986 Classis
480 2922 505 2984 Ι
503 2921 600 2987 talica
615 2921 686 2986 licet
703 2922 821 2988 modice
839 2930 1013 2988 retractata
1031 2924 1081 3006 sit,
1102 2925 1222 3006 aliquot
1239 2931 1346 2990 tamen

226 3010 303 3075 locis
314 3011 475 3075 lectionem
485 3031 593 3074 veram
606 3011 844 3076 accuratissime
856 3033 1055 3077 conseruasse
1066 3013 1199 3093 uidetur,
1215 3035 1345 3094 mapha-

225 3120 284 3180 qne
307 3099 405 3163 eidem
429 3099 603 3164 auctoritas
625 3099 662 3164 in
685 3101 777 3165 rebus
797 3101 1018 3182 prammaticis
1041 3107 1070 3166 et
1091 3101 1346 3186 orthopraphicis

225 3187 429 3252 attribuenda
455 3194 509 3252 est.
556 3187 667 3252 Huius
696 3187 781 3252 enim
810 3188 1003 3253 recensionis
1032 3189 1151 3254 codices
1178 3195 1348 3271 supersunt

179 3299 207 3338 so
226 3283 255 3340 et
276 3275 466 3356 antiquitate
489 3283 694 3360 praestantes
723 3283 752 3341 et
780 3283 925 3342 accurate
954 3277 1074 3358 scrt'pti.
1120 3277 1167 3341 At
1189 3298 1251 3359 per
1273 3279 1347 3342 deos

225 3364 417 3430 immortales
439 3365 507 3430 dies
530 3371 600 3430 ater
623 3364 823 3430 bibliothecae
854 3365 1051 3432 Taurinensi
1072 3365 1202 3431 interim
1228 3366 1345 3447 illuxit,

225 3453 263 3517 in
292 3473 356 3534 qua
386 3453 579 3519 celeberrimi
600 3453 775 3518 Bobienses
803 3453 855 3518 illi
878 3454 998 3520 codices
1020 3462 1235 3537 asservantur,
1266 3477 1346 3520 cum·

225 3563 284 3623 que
307 3543 345 3606 de
366 3544 436 3622 fato
466 3563 573 3608 eornm
596 3543 822 3624 pertimescens
851 3545 896 3608 ad
924 3544 1124 3611 bibliothecae
1146 3546 1347 3627 praefectum

226 3630 349 3696 litteras
382 3631 545 3713 dedissem,
581 3653 615 3696 eo
649 3631 785 3696 nimium
819 3640 966 3716 occupato
1001 3634 1135 3700 Carolus
1164 3656 1263 3699 comes
1297 3633 1347 3700 Oi·

181 3741 207 3780 us
219 3719 311 3800 polla
329 3719 603 3802 indoctissimus,
627 3721 683 3802 aui
698 3743 768 3786 cnm
782 3721 860 3788 aliis
874 3723 1094 3789 universitatis
1110 3723 1348 3805 professoribus

225 3808 263 3871 in
294 3807 441 3889 reliquiis
470 3809 664 3874 ordinandis
697 3816 726 3874 et
758 3811 961 3878 restituendis
994 3834 1079 3878 nunc
1112 3819 1267 3894 uersatur,
1302 3833 1348 3877 re·

226 3917 375 3976 sponsum
398 3898 547 3980 reddidit,
571 3899 775 3964 nonnullose
802 3901 838 3965 V.
857 3901 1045 3966 Oolnmbani
1060 3901 1218 3966 codicibus
1227 3901 1349 3982 primis

219 3991 295 4067 post
316 3985 500 4051 incendium
515 3986 624 4052 diebus
642 4010 664 4052 a
682 4009 714 4053 se
733 3988 817 4053 uisos
835 4011 900 4054 esse
918 4011 1015 4055 sanos
1031 3990 1159 4072 uerique
1176 4011 1242 4054 non
1256 3989 1348 4053 dissi-

226 4073 300 4138 mile
323 4095 388 4139 esse
411 4075 495 4156 ipsos
517 4076 699 4141 uetustiores
716 4075 750 4140 B
765 4078 846 4142 lab
865 4079 970 4142 adhuc
988 4085 1094 4142 entare
1110 4076 1256 4159 quamuis
1271 4077 1348 4157 plus

179 4185 208 4222 ιο
226 4161 369 4228 minusne
399 4164 508 4244 laesos,
544 4164 615 4229 licet
637 4186 701 4246 pro
731 4173 812 4229 certo
834 4165 871 4230 id
900 4168 1071 4246 affirmare
1093 4167 1196 4230 nollet.
1244 4164 1348 4246 Siqua

227 4251 311 4315 enim
335 4251 428 4316 libris
449 4252 599 4334 imposita
620 4254 689 4333 fere
709 4253 818 4318 omnia
834 4254 1003 4334 perierunt
1025 4275 1123 4334 neque
1145 4252 1220 4332 lteri
1235 4259 1346 4334 potest,

226 4345 262 4402 nt
282 4340 357 4404 usui
381 4340 508 4422 plublico
535 4340 600 4422 ipsi
629 4343 803 4406 tradantur
825 4341 891 4406 nisi
918 4343 1010 4423 lonpo
1032 4341 1209 4406 interuallo.
1256 4341 1349 4408 Haec

227 4427 315 4493 testis
337 4429 454 4494 oculati
476 4431 573 4495 cerba
595 4429 683 4494 viros
705 4429 859 4494 litteratos
882 4430 983 4494 celare
1005 4429 1104 4494 nolui.
