3222 5030
399 477 526 545 lousa,
539 477 661 532 vlran
680 477 910 532 GOLUMBAIII
926 478 1036 532 LIBRI
1053 477 1093 535 IL
1271 483 1307 537 65

291 661 411 745 A1o⁴)
441 660 546 726 cada
574 660 946 742 Heidelberpensis
974 661 1195 726 unionsitatis
1222 662 1308 727 inter

185 750 285 816 libros
306 749 496 815 monasterii
509 749 554 813 B.
570 749 706 814 Mariae
726 749 765 813 in
788 750 895 814 &um
916 771 950 814 n.
966 756 997 830 9,
1016 755 1070 830 21,
1093 771 1174 814 saec.
1192 750 1305 831 XIII,

180 839 413 922 praetermissa
435 839 472 902 V.
496 839 645 918 Attalae,
676 839 785 902 eadem
806 839 875 916 fere
897 845 990 920 atque
1011 838 1091 903 liber
1112 841 1307 920 praecedens

185 927 316 1009 exbibet,
347 929 404 992 sed
431 927 513 990 liber
535 927 665 1008 primus
686 926 809 1008 inteper
829 927 877 991 ibi
905 933 1107 992 romanatos
1134 933 1180 992 est
1206 948 1306 1008 neque

154 1044 168 1083 a
185 1017 410 1082 desiderantur
424 1015 492 1080 nisi
506 1015 655 1080 carmina
669 1014 872 1096 laterudique
887 1015 1027 1099 capitam
1039 1015 1204 1097 utriusque
1217 1016 1304 1082 luri.

292 1122 364 1186 Fal.
381 1127 509 1185 2-19.
533 1121 570 1185 V.
599 1121 788 1187 Colunrbani
810 1128 911 1186 tertia
932 1127 1007 1184 arta
1028 1121 1154 1203 quidem
1176 1122 1305 1188 necessi·

185 1211 295 1277 tudine
318 1233 389 1276 eum
412 1211 501 1274 Alb
524 1210 710 1275 coniunctus
732 1217 786 1291 est,
810 1211 954 1274 mitens

229 1299 331 1381 1‚2·2.
357 1319 583 1376 communem,
608 1299 709 1379 I,28.
733 1299 925 1376 clericatus,

183 1388 417 1470 immutansque
438 1388 534 1453 haee:

142 1507 167 1545 ιο
229 1478 332 1559 Ι,11.
357 1472 538 1558 laboravit]
563 1476 746 1541 laborabat
768 1476 801 1540 A
815 1477 862 1538 lb.
875 1474 920 1556 b⁸‚·

257 1565 301 1630 rb.
361 1567 449 1631 vade
473 1561 552 1648 cito]
578 1567 648 1630 cito
670 1567 759 1630 rade
781 1565 815 1628 A
829 1565 933 1645 lb.b⁸;

229 1655 260 1735 I,
280 1661 331 1718 14.
355 1650 564 1740 praefectus]
589 1655 704 1718 factus
727 1653 761 1716 A
775 1651 838 1734 1b‘;
859 1659 958 1718 actus
980 1654 1014 1717 A
1029 1655 1086 1734 lb;

228 1743 259 1824 Ι,
277 1749 330 1807 26.
354 1739 540 1826 abdicavit]
566 1743 641 1808 Deo
665 1743 794 1806 dicavit
816 1743 849 1806 A
864 1743 911 1806 lb.
924 1741 964 1823 b‘,

183 1834 241 1896 sed
261 1853 300 1897 eu
321 1832 392 1914 ipso
411 1831 542 1896 minime
558 1832 685 1913 pendet,
709 1831 857 1912 suppletis
873 1830 982 1896 hiatus
999 1831 1172 1912 complures
1189 1831 1306 1896 codicis

140 1948 166 1987 a
182 1920 374 1986 autumn.
421 1921 541 1985 Locum
564 1919 790 2001 ‘Obapnaatdi
811 1919 1032 2001 Mapnoabtns
1059 1919 1114 1984 ille
1141 1920 1306 1997 fabubnrs
1322 1947 1398 1996 aas.

182 2008 251 2074 iam
266 2009 438 2091 coarmavit,
454 2008 644 2090 initiumque
658 2029 683 2072 c.
704 2014 754 2088 17,
774 2007 870 2071 cerba
884 2007 1003 2072 scilicet
1017 2008 1083 2072 Oui
1094 2043 1138 2052 —
1149 2009 1303 2092 imperio,

183 2098 418 2162 desiderantia

185 2272 207 2352 (
291 2187 363 2251 Fal.
391 2192 545 2250 19-23.
585 2187 716 2270 Incipit
745 2186 818 2248 vita
847 2185 958 2250 sancti
986 2186 1139 2250 amasii
1168 2186 1304 2251 abbatis

138 2391 167 2430 n
290 2365 364 2428 Fol.
383 2369 528 2428 23-29.
564 2363 744 2448 Incipiunt
761 2362 999 2441 revelationes,
1018 2384 1085 2447 qne
1105 2366 1141 2427 in
1161 2365 1304 2430 cenobio

184 2453 452 2537 Burgundofore
476 2453 651 2518 abbatisse
672 2453 744 2516 vise
767 2455 850 2516 sunt
873 2449 943 2531 (II,
964 2453 1121 2535 11-22).

291 2559 363 2623 Fal.
388 2558 556 2622 cst—32¹.
602 2559 734 2643 Incipit
763 2559 888 2622 relatio
918 2559 962 2624 de
992 2559 1094 2623 beato
1121 2559 1304 2626 Bertholfo

184 2649 311 2813 pbbate
326 2651 362 2712 in
380 2649 491 2713 Bobio
507 2652 544 2713 ct
559 2649 775 2731 quorundam
790 2648 939 2710 fratrum
955 2648 1159 2712 miraculum
1175 2647 1305 2714 ibidem

201 2737 255 2818 II,
280 2736 439 2818 23-25).

147 2850 174 2890 n
296 2825 401 2890 Codes
416 2830 617 2906 conparatus
636 2845 707 2888 mm
718 2823 751 2886 A
762 2825 799 2888 lb
814 2823 922 2888 mutis
940 2823 1030 2888 uitiis
1048 2824 1182 2906 labmat,
1198 2845 1305 2907 meane

183 2935 242 2995 qne
264 2913 317 2979 hic
341 2915 474 2996 praebet
495 2918 679 2978 nemratam
702 2911 892 2993 exemplaris
919 2912 1100 2977 vetustioris
1121 2913 1303 2996 imapinem,

182 3002 221 3066 in
242 3023 278 3066 eo
299 3003 427 3082 frustra
445 3022 593 3084 ananus.
638 3001 798 3066 Vocabida
819 3000 905 3065 enim
927 3000 974 3065 ibi
995 3023 1088 3083 saepe
1110 3001 1180 3066 alia
1201 3007 1305 3068 trans·

177 3090 296 3172 posita,
327 3091 398 3156 alia
420 3091 538 3156 anessa
564 3096 623 3155 aut
643 3110 711 3174 pro
733 3089 810 3152 aliis
838 3089 908 3153 alia
936 3089 1103 3154 adstitm
1131 3096 1214 3170 nint,
1237 3111 1305 3174 pro

183 3181 286 3257 enim,
310 3201 402 3263 ergo,
426 3201 493 3264 que
523 3201 549 3243 e.
571 3198 622 3260 pr.
645 3199 737 3254 vero,
767 3179 885 3261 igitur,
916 3180 1045 3261 itaque,
1073 3177 1250 3260 multasque
1276 3185 1306 3243 et

136 3293 165 3333 aa
180 3289 296 3350 proces
325 3267 587 3352 interpolationes
609 3288 679 3333 mm
703 3266 740 3330 in
762 3265 896 3346 reliquis
918 3265 1070 3349 partibus
1092 3265 1174 3330 etl.
1198 3271 1229 3331 et
1249 3266 1303 3330 ΙΙ.

182 3355 259 3421 libri
287 3363 354 3420 tum
375 3356 514 3422 manime
536 3356 574 3420 in
596 3357 633 3421 V.
656 3355 797 3434 Bertutfi
820 3352 889 3436 (II,
906 3356 965 3438 23)
989 3356 1085 3419 codes
1106 3375 1227 3436 passius
1248 3361 1302 3436 est,

181 3444 295 3526 quibrus
317 3445 459 3510 ratunes
481 3466 589 3510 rernm
605 3443 741 3527 uanius
763 3443 997 3527 expedirentur.
1040 3442 1154 3510 Ultimi
1170 3443 1305 3526 deniw

181 3533 298 3616 capitis
321 3540 421 3599 tectus
445 3530 515 3615 (II,
540 3536 599 3618 25)
623 3535 702 3599 adeo
723 3533 762 3598 in
784 3533 874 3597 neve
895 3538 1020 3598 coactae
1042 3539 1095 3614 est,
1122 3539 1158 3597 ut
1175 3533 1304 3617 partim

181 3621 326 3702 conferri
349 3623 502 3705 nequiret.

15 3773 16 3814 3
133 3753 164 3794 a
287 3728 322 3792 A
339 3727 403 3808 1a1)
439 3728 545 3794 coda
565 3727 863 3794 Bruuetlensis
884 3751 918 3793 n.
935 3734 1033 3811 7984,
1056 3749 1138 3796 saec.
1159 3729 1204 3810 X,
1227 3729 1304 3794 olim

15 3843 16 3846 ¹
187 3815 510 3898 Weissenburpensis,
545 3817 661 3882 deinde
691 3817 959 3898 Motsbeimensis,
993 3823 1060 3882 tum
1089 3817 1200 3882 Musei
1227 3817 1303 3883 Boc

181 3904 412 3970 landianorum
431 3905 677 3987 Antuerpiensis
692 3904 745 3986 (P.
763 3927 821 3970 ms.
841 3906 911 3989 20),
933 3906 1038 3988 ipsam
1060 3905 1200 3988 quaein
1222 3906 1303 3971 codi-

181 3993 269 4058 cibus
286 3994 549 4075 praecedentibus
563 3993 764 4060 desideratm
781 3994 888 4060 Vitam
902 3995 1042 4060 Athalae
1063 3995 1120 4075 fol.
1137 3993 1302 4058 ‹sd-71¹.

181 4081 320 4147 continet
340 4103 380 4147 en
401 4083 488 4163 fonte
511 4083 629 4167 rustino
650 4085 875 4165 deprauatam.

132 4204 164 4243 ra
293 4180 423 4246 Codices
451 4182 670 4262 subsequentes
691 4183 776 4246 Alb
805 4181 904 4246 solius
932 4180 1065 4246 aterius
1091 4179 1168 4245 libri
1189 4184 1303 4259 partes

182 4267 352 4349 continent,
376 4269 526 4353 pleribus
551 4269 671 4334 scilieet
693 4277 827 4353 procur
848 4271 885 4335 V.
908 4267 1058 4334 Eustasii
1080 4267 1150 4348 (II,
1175 4268 1301 4350 7-10)

181 4357 378 4434 finem-libri
401 4356 472 4438 (II,
493 4359 655 4440 11—25),
678 4357 727 4422 ita
748 4364 784 4421 ut
806 4381 827 4423 a
849 4356 1016 4421 mirandis
1032 4354 1303 4422 Eunmcensibus

189 4444 226 4509 V.
254 4446 396 4526 Bertulfi
424 4445 556 4510 minime
584 4445 735 4512 distincta
763 4446 815 4527 sit,
849 4446 905 4510 sed
933 4445 1011 4509 baec
1042 4444 1103 4510 illa
1131 4445 1168 4510 in
1196 4444 1302 4508 eodem

233 4566 308 4608 rom.
1105 4551 1123 4604 ὁ
