3226 5034
303 499 357 552 324
545 491 670 561 IONAS,
684 491 779 547 VITA
796 489 987 546 IOHANNIS
1005 489 1179 546 ABBATIS.

297 676 406 760 pbieis
435 682 556 742 secutus
589 697 660 740 sum
670 675 690 740 1.
743 673 867 740 Codicis
901 679 1005 740 autem
1036 673 1101 737 Ar
1137 672 1291 738 librarius
1323 673 1423 738 multo

304 765 459 832 recentior
480 787 652 832 sermonem
675 763 871 828 uetustiorem
889 765 1020 828 eundem
1038 783 1157 844 parum
1175 767 1346 827 correctum
1363 783 1422 826 suo

304 855 463 921 arbitratu
480 853 605 936 possim
627 853 798 918 immutans
821 853 952 916 eandem
974 853 1069 931 fidem
1091 873 1156 916 non
1173 857 1319 916 meretur.
1354 851 1422 915 Ita-

304 965 362 1026 que
377 943 465 1022 felici
486 963 562 1008 casn
582 942 719 1024 contipit,
738 942 833 1006 ulad
849 947 965 1005 tentum
980 942 1209 1005 emendandum
1227 961 1293 1004 non
1304 939 1423 1021 paucis

304 1032 390 1114 locis,
414 1032 469 1096 ubi
491 1032 555 1095 Al
581 1031 701 1111 defecit,
726 1030 794 1095 alia
816 1028 962 1095 subsidia
984 1029 1131 1094 adhiberi
1154 1028 1269 1094 liceret.
1442 1053 1457 1092 s

411 1121 497 1185 Aeoo
527 1119 612 1184 enirn
646 1119 846 1201 Carolinpico
876 1119 957 1183 liber
986 1119 1088 1184 Ionae
1118 1117 1156 1182 in
1185 1117 1288 1199 ipsius
1316 1116 1422 1182 sanct'

303 1209 495 1274 monasterio
518 1231 540 1273 a
562 1210 682 1273 duobus
703 1207 852 1287 falsariis
878 1213 1066 1272 retractatus
1088 1213 1142 1271 est.
1187 1206 1310 1271 Auctor
1327 1205 1424 1288 prior

304 1298 338 1363 B
360 1319 426 1362 non
454 1298 554 1362 solum
584 1318 756 1361 sermonem
791 1297 947 1378 expolivit,
982 1298 1038 1360 sed
1071 1295 1164 1360 etiarn
1200 1295 1423 1360 narrationem

304 1388 409 1469 ipsam
431 1385 544 1450 melius
566 1385 727 1467 disposuit,
751 1385 875 1450 incerta
897 1383 1127 1465 determinabit,
1152 1384 1269 1450 omissa
1289 1383 1422 1465 proprio

306 1477 417 1540 Marte
435 1475 588 1540 audacter
605 1473 765 1555 suppleuit,
789 1473 858 1538 alia
876 1472 1019 1554 abscidit,
1038 1473 1197 1538 miracula
1215 1472 1280 1538 tria
1298 1479 1422 1537 tantum
1443 1498 1473 1536 10

306 1563 484 1644 admittere,
507 1563 602 1645 idque
625 1565 669 1627 ad
694 1563 842 1644 penerole
864 1563 1019 1643 quoddam
1043 1563 1298 1642 concludendum,
1322 1582 1422 1642 neque

305 1653 392 1716 ultra
414 1651 519 1717 saneti
541 1658 669 1716 mortem
691 1672 881 1733 propressus
903 1657 965 1715 est:
993 1650 1158 1716 sordidum
1186 1649 1286 1732 ipitur
1308 1657 1423 1715 uestem

306 1762 371 1806 non
399 1741 469 1806 sine
499 1747 567 1806 arte
596 1741 735 1822 quodam
762 1739 1004 1821 splendidiorem
1026 1739 1174 1820 reddidit,
1204 1740 1288 1804 banc
1317 1744 1423 1803 antem

305 1837 341 1895 ut
369 1831 606 1910 conuneudaret,
640 1828 677 1892 in
705 1827 880 1910 impudenti
908 1829 1072 1894 mendacio
1101 1827 1232 1909 delituit,
1263 1827 1423 1910 seipsum

305 1919 429 1984 saecula
449 1918 507 2000 VI,
527 1918 655 1999 ideoque
673 1923 746 1982 ante
762 1917 888 1998 Ionam,
907 1917 1025 1982 uicisse
1040 1917 1215 1996 affirmans
1232 1916 1284 1981 bis
1301 1916 1422 1981 uerbis:
1444 1941 1473 1981 rs

308 2009 352 2072 Et
379 2030 424 2074 ne
454 2009 529 2092 quis
564 2009 630 2072 hoo
663 2007 861 2072 fabulosum
895 2010 996 2091 putet
1031 2027 1103 2071 esse
1138 2009 1230 2090 quod
1265 2007 1421 2081 dicimus

306 2099 478 2163 referente
494 2098 567 2162 viro
582 2097 771 2161 venerabili
786 2097 955 2180 Agripino
972 2097 1125 2170 diacono,
1145 2097 1254 2180 ipsius
1269 2096 1423 2179 Agresbii

307 2187 389 2264 filio,
426 2187 678 2270 eognovimusl.
740 2183 818 2250 Oum
855 2183 1063 2265 interpolator
1101 2183 1267 2265 Greporii,
1306 2183 1425 2248 scilieet

307 2273 462 2339 librarius
485 2273 601 2339 codicis
614 2273 792 2338 Berneusis
814 2295 847 2336 n.
867 2279 939 2353 199,
963 2294 1043 2338 saec.
1060 2273 1121 2337 IX
1129 2274 1150 2352 ³,
1175 2272 1280 2338 Vitam
1302 2273 1423 2352 falsam

307 2363 372 2428 iam
403 2363 521 2444 leperit,
551 2362 723 2426 uerisimile
752 2368 805 2444 est,
837 2364 881 2426 ad
908 2361 1017 2427 Caroli
1040 2361 1161 2444 Mapni
1193 2383 1304 2426 aevum
1326 2361 1423 2425 elocu-
1443 2386 1472 2424 eo

308 2451 404 2516 tionis
425 2451 614 2530 facilitatem
636 2452 837 2530 referendam
860 2472 934 2515 esse.
974 2452 1084 2531 Neque
1106 2451 1202 2514 multo
1218 2457 1293 2532 post
1314 2455 1423 2514 auctor

313 2539 347 2622 0,
365 2541 526 2621 permulta
548 2539 707 2604 miracula
730 2540 767 2604 in
789 2539 823 2602 B
846 2539 963 2604 omissa
985 2561 1050 2604 esse
1073 2561 1165 2621 aepre
1187 2540 1304 2621 ferens,
1328 2559 1366 2603 eu
1389 2537 1422 2600 A

308 2635 336 2694 et
365 2628 399 2692 B
428 2627 553 2692 tertiam
583 2628 688 2692 Vitam
718 2628 884 2692 conseruit.
930 2627 1109 2692 Materiam
1142 2628 1180 2692 in
1213 2631 1291 2692 duos
1325 2626 1423 2692 libros

308 2716 478 2798 distribuit,
501 2716 550 2781 ita
572 2723 608 2780 ut
623 2716 766 2797 priorem
789 2723 889 2781 tentus
910 2715 945 2780 B
967 2739 1037 2780 cum
1060 2719 1179 2782 duobus
1200 2715 1366 2782 miraculis
1388 2715 1422 2778 A

307 2828 363 2871 suo
393 2807 457 2870 loco
486 2804 625 2886 insertis,
651 2805 858 2886 posteriorem
887 2812 991 2870 autem
1020 2807 1053 2870 A
1083 2813 1257 2888 oocuparet.
1303 2805 1423 2868 Fontes
1443 2829 1474 2868 rs

308 2894 491 2976 compilator
520 2895 587 2974 fere
615 2895 658 2959 ad
686 2895 812 2958 uerbum
843 2893 1009 2976 exscripsit
1037 2895 1085 2958 uel
1114 2895 1219 2959 Vitam
1242 2895 1283 2975 A,
1315 2916 1336 2956 a
1358 2914 1423 2974 arca

307 2985 512 3048 retractanda
535 3004 607 3047 nean
630 2983 800 3065 destiterat,
824 2985 879 3048 sed
901 2985 982 3048 locos
1004 2983 1194 3048 bomiletioos
1214 2983 1248 3046 B
1270 2981 1424 3064 eupunnit
1492 3008 1498 3016 ·

307 3072 434 3152 alioque
457 3072 584 3137 addidit
604 3071 785 3154 incertaque
808 3071 926 3154 etipse
949 3071 1177 3137 determinavit.
1224 3071 1275 3136 De
1298 3071 1422 3152 oripine

307 3167 410 3226 autern
433 3161 573 3242 opusculi
595 3160 646 3224 sui
668 3161 838 3225 decessoris
855 3160 989 3243 oestipia
1006 3167 1128 3226 secutus
1144 3161 1192 3225 uel
1209 3158 1423 3242 impudentius

267 3295 270 3300 -
306 3249 454 3314 mentitus
477 3256 530 3314 est.
575 3249 742 3315 Contendit
763 3249 857 3331 enim,
881 3271 932 3314 res
950 3273 972 3314 a
989 3250 1136 3314 Iohanne
1157 3255 1262 3332 postas
1278 3249 1423 3330 primum
1444 3274 1476 3312 so

306 3360 338 3403 se
361 3338 572 3420 descripsisse,
598 3337 663 3419 ‘qui
692 3338 783 3403 illum
806 3360 897 3420 saepe
927 3338 1079 3403 uidissent
1100 3338 1243 3402 uiuorum
1265 3359 1303 3402 ao
1326 3358 1422 3418 pruo-

306 3427 442 3492 sentium
465 3426 616 3491 memoria
639 3427 751 3506 teste'4,
782 3425 1029 3508 miraculumque
1056 3428 1140 3508 quod
1160 3426 1229 3510 ipse
1252 3425 1379 3491 addidit
1401 3449 1422 3490 a

306 3522 414 3580 sancto
448 3515 510 3580 sibi
545 3514 683 3596 ‘proprio
720 3516 893 3580 sermone'⁵
931 3522 1117 3581 enarratum
1155 3537 1228 3597 esse,
1268 3521 1423 3596 totumque

307 3605 440 3669 alterum
470 3604 584 3669 librum
615 3605 655 3668 ab
685 3603 753 3668 eius
781 3605 903 3684 famulo
926 3605 1025 3670 Laeto
1055 3603 1198 3670 diacono.
1245 3603 1423 3668 Mendacio

306 3714 366 3757 sua
389 3692 455 3775 ipse
478 3691 643 3775 redurpuit
672 3693 761 3756 borno
791 3693 932 3774 stolidus,
963 3693 1113 3774 proprios
1143 3694 1245 3758 Ionae
1273 3693 1423 3774 prolopos
1443 3716 1476 3756 ss

300 3780 519 3862 praemittens,
543 3782 626 3846 uude
650 3787 679 3846 et
696 3788 814 3863 tempus
832 3788 862 3846 et
878 3803 991 3847 nomen
1009 3781 1077 3846 ueri
1095 3781 1235 3846 auctoris
1253 3780 1421 3863 callipitur.

306 3870 351 3934 In
373 3869 482 3934 ultimo
502 3869 590 3934 Vitae
613 3869 721 3952 cupite,
750 3873 834 3952 quod
855 3873 899 3935 ad
922 3871 1108 3935 Siloestrum
1131 3872 1273 3935 abbatem
1295 3876 1421 3950 spectat,

306 3959 480 4024 Fortunati
503 3960 539 4024 V.
569 3959 725 4024 Germani
759 3981 784 4024 o.
810 3965 862 4023 35.
892 3965 922 4024 et
955 3959 1108 4044 oppilavit
1141 3966 1171 4024 et
1204 3959 1344 4024 eilueit⁶.
1390 3959 1426 4022 Ε

306 4048 578 4130 translationibus,
610 4069 690 4129 quoe
720 4051 958 4130 subsequuntur,
980 4048 1124 4130 priorem
1154 4069 1193 4112 erc
1216 4049 1318 4113 Ionae
1341 4047 1423 4112 libro

307 4259 333 4324 1)
355 4260 391 4310 At
416 4259 534 4309 litteram
552 4257 571 4308 h
589 4257 657 4309 male
676 4257 795 4308 additam
819 4260 958 4324 suppressi
978 4259 1050 4308 etin
1068 4261 1118 4312 Al
1141 4257 1337 4326 (exhemplum,
1355 4256 1422 4325 hita,
1441 4267 1477 4308 4ο
1544 4247 1549 4254 ’

305 4328 413 4395 homne,
432 4328 522 4396 husui)
541 4334 564 4381 et
583 4331 612 4380 tn
630 4329 683 4382 An
700 4327 824 4396 (hortus).
896 4332 925 4397 2)
943 4329 1007 4381 Vide
1025 4331 1105 4393 infru
1124 4345 1144 4383 c.
1158 4332 1182 4384 9.
1255 4331 1283 4396 3)
1300 4329 1347 4382 SS.
1367 4345 1423 4383 rer.

305 4400 404 4452 Meroe.
417 4399 442 4463 1,
457 4416 487 4464 p.
500 4402 560 4454 803.
615 4399 644 4467 4)
667 4399 729 4450 Vico
748 4400 777 4463 G,
796 4400 820 4466 1,
840 4404 854 4464 ξ
874 4403 898 4454 3.
954 4402 981 4467 5)
1002 4400 1083 4467 lul,
1103 4405 1117 4464 ξ
1137 4401 1179 4456 14.
1234 4401 1261 4470 6)
1282 4399 1423 4467 Scriptum

305 4469 334 4518 in
353 4468 435 4536 gestis
453 4468 570 4521 habetur
587 4469 705 4537 praefati
722 4469 797 4522 beati
816 4469 953 4525 Germani.
