3222 5030
288 499 323 552 36
501 493 626 562 ΙΟΝΔΒ,
639 493 761 548 VITAE
779 491 1009 549 OOLUMBANI
1026 491 1134 549 LIBRI
1152 493 1191 551 11.

289 676 498 742 reuerentiam
519 675 743 758 impenderent,
773 675 808 740 bi
835 673 1022 741 insolentiis
1041 677 1228 758 respondere
1256 677 1405 754 solebant,

289 767 373 830 undo
402 765 610 830 Arioualdus
640 767 705 830 due
738 763 951 830 Taurinensis
974 765 1158 846 presbytero
1188 763 1315 830 auidam
1343 763 1406 828 Bo·

290 853 392 920 biensi
414 854 454 919 ab
477 853 600 918 Atbola
627 853 774 918 Ticinum
796 853 892 918 misso
922 873 1098 934 ooourrens,
1124 851 1210 934 ‘iste',
1241 852 1355 934 inquit,
1381 851 1406 917 ‘e

295 941 482 1008 Oolumbani
503 941 669 1006 monacbis
691 947 744 1022 est,
768 941 823 1022 qui
845 941 936 1006 nobis
958 941 1170 1006 salutantibus
1186 944 1317 1023 deneqot
1332 947 1407 1023 opta

290 1030 523 1114 respondere’1.
576 1029 654 1095 (bum
683 1029 720 1094 in
741 1029 921 1111 quaestione
947 1029 1044 1094 trium
1067 1029 1276 1112 capitulorum
1300 1051 1439 1112 popoes

295 1119 508 1185 Columbanus
529 1117 656 1197 fortiter
678 1117 849 1199 restitisset,
877 1117 1002 1183 Albula
1031 1117 1331 1200 sedisapostolicae
1359 1141 1407 1182 oo-

292 1207 408 1272 luntoti
430 1227 463 1271 se
492 1205 632 1287 subierit,
660 1205 785 1271 sublato
815 1206 1031 1272 communione
1060 1228 1129 1272 oum
1159 1207 1406 1288 defendentibus,

291 1315 355 1378 quo
378 1295 415 1360 de
438 1316 537 1360 eausa
560 1295 600 1359 ab
624 1293 772 1376 Aqrestio
794 1295 946 1360 monoobo
969 1295 1166 1360 Luuooiemi
1188 1296 1323 1377 epistula
1348 1317 1408 1378 per

292 1385 435 1448 Aureum
465 1382 654 1448 Adolrooldi
686 1382 771 1465 repis
800 1377 1087 1465 Loupobardorum
1117 1384 1280 1450 notarium
1308 1385 1408 1449 missa

291 1472 359 1554 ipse
380 1471 645 1537 uehementissime
666 1470 892 1553 increpabatur
900 1474 922 1534 ².
968 1472 1161 1538 Idololatria
1184 1479 1288 1538 antem
1310 1495 1350 1538 ne
1372 1473 1409 1538 in
1429 1497 1455 1536 ιο

293 1559 396 1626 Italia
433 1560 559 1641 quidem
597 1565 670 1625 tuno
707 1560 866 1642 extirpata
900 1567 984 1642 erat,
1030 1562 1204 1644 fanumque
1242 1563 1409 1626 arboribus

292 1648 450 1714 intersitis
472 1649 561 1714 baud
577 1649 690 1730 presul
712 1671 733 1712 a
755 1649 946 1714 monasterio
960 1649 997 1714 in
1012 1650 1091 1714 nilla
1106 1653 1150 1716 ud
1164 1651 1259 1716 Iram
1274 1650 1409 1729 tluoium

295 1737 390 1802 situm
412 1743 489 1818 erat,
514 1737 565 1803 oui
588 1737 757 1802 Merooeus
778 1739 953 1803 monoolms
967 1738 1144 1804 Dertonam
1166 1739 1283 1804 missus
1304 1739 1409 1820 iqnem

295 1827 486 1908 supponebat
494 1827 515 1890 ³.
573 1825 639 1890 Die
671 1825 755 1891 uitae
788 1847 933 1908 supremo
966 1827 1106 1892 instante
1139 1827 1263 1892 Albula
1299 1834 1410 1908 saepta

295 1914 482 1980 monasterii
511 1915 678 1996 densabat,
703 1921 782 1980 teoto
811 1915 983 1997 sareiebat,
1019 1937 1113 1997 equos
1141 1917 1242 1999 quiete
1275 1917 1455 1996 fouebat,1s

295 2004 393 2070 libros
415 2003 621 2086 lipominibus
646 2004 807 2086 firmabat,
838 2004 1041 2085 supellectiles
1071 2005 1167 2087 ablui,
1199 2007 1410 2071 oaleeomenta

289 2092 412 2175 parari
445 2092 613 2174 omniaque
647 2113 728 2174 quae
761 2099 911 2174 corrupta
945 2099 1039 2158 erant
1066 2094 1246 2158 restaurari
1274 2093 1408 2174 iubebat,

295 2181 388 2263 quusi
425 2181 486 2246 iter
523 2183 680 2262 quoddam
713 2188 913 2262 suscepturus
947 2189 1033 2247 esset.
1095 2182 1182 2247 Obiit
1218 2189 1322 2248 autem
1360 2183 1410 2246 die

299 2276 349 2334 10.
373 2269 496 2333 Martii
525 2291 550 2334 e.
578 2291 608 2332 a.
634 2270 732 2332 626.⁴
778 2270 869 2334 Sooio
897 2270 1085 2335 moribundo
1114 2271 1256 2350 fratrum
1285 2277 1411 2336 caterua

296 2360 425 2423 adstare
447 2357 571 2437 solebat,
595 2364 631 2422 ut
651 2357 780 2422 animae
803 2359 840 2422 de
862 2358 930 2422 uita
952 2359 1078 2423 exeunti
1099 2380 1260 2442 supremos
1277 2359 1412 2424 bonores
1430 2382 1457 2421 20

289 2447 463 2528 psallentes
484 2446 657 2512 tribuerent
664 2447 686 2509 ³.

203 2559 277 2609 mss.
403 2533 656 2614 *Eustasius,
695 2535 768 2600 item
806 2557 822 2599 e
859 2534 1129 2616 Burqundionum
1160 2557 1274 2619 qenere
1311 2535 1411 2600 nobil'

297 2629 392 2704 ortus,
423 2630 459 2688 ut
487 2629 557 2687 erat
585 2622 749 2704 indiqena,
781 2646 802 2688 a
831 2622 979 2688 comitatu
1008 2624 1112 2689 saneti
1135 2625 1280 2690 Luuooio
1310 2625 1410 2690 absee-

297 2712 407 2793 dentis,
437 2717 473 2776 ut
497 2717 681 2791 remaneret,
713 2711 842 2776 avulsus
871 2718 948 2794 erat,
979 2713 1143 2778 laborante
1166 2713 1281 2779 Mietio
1310 2713 1412 2794 ipsius

297 2801 460 2881 auunculo,
485 2799 541 2882 qui
563 2799 710 2865 eoeusiae
725 2799 923 2882 Isinqoniooe
945 2801 1106 2884 episeopus
1129 2809 1203 2867 tune
1219 2803 1412 2884 praeerat⁵,·
1430 2822 1458 2862 ss

256 2931 259 2937 -
296 2892 352 2954 sed
375 2895 485 2970 postea
511 2909 581 2954 oum
609 2887 717 2952 multis
745 2888 903 2967 fratribus
926 2890 1179 2955 bononiensibus
1207 2893 1251 2956 acl
1276 2891 1412 2955 Tbeude-

297 2979 417 3044 bertum
439 2997 543 3060 repom
565 2976 766 3059 oonfrrqisse⁶
788 2975 921 3058 uidetur,
949 2999 1019 3043 eum
1048 2978 1132 3044 inter
1161 3000 1212 3044 eos
1241 2985 1326 3061 esset,
1358 2978 1413 3060 qui

290 3088 396 3152 prope
432 3064 645 3148 Briqantiam
690 3085 760 3130 oum
797 3071 905 3131 saneto
944 3073 1157 3132 uersarentur.
1219 3069 1310 3134 Idem
1348 3067 1413 3132 loeo

296 3154 452 3239 maqistri,
483 3176 553 3220 oum
582 3153 705 3218 Albula
733 3153 837 3235 ipsum
867 3155 1013 3237 subsequi
1041 3155 1204 3222 maluisset
1231 3177 1329 3239 neque
1358 3154 1413 3237 qui

297 3246 377 3310 alter
406 3243 589 3326 desiqnotus
618 3249 688 3307 erat
720 3242 924 3310 Waldelenus
950 3244 1154 3326 praepositus
1187 3245 1293 3325 foetus
1326 3249 1412 3324 esset,
1432 3271 1460 3312 so

297 3331 524 3398 monasterium
539 3329 738 3398 Luuooiense
751 3333 956 3414 qubernabot,
976 3340 1129 3416 patreque
1144 3335 1300 3415 defuneto,
1319 3333 1414 3398 etiam

297 3419 422 3486 abbatis
450 3441 563 3485 nomen
592 3419 716 3484 meruit.
769 3421 824 3485 En
852 3421 955 3486 Italia
983 3421 1158 3502 reuersusl,
1189 3443 1249 3504 quo
1279 3423 1414 3504 leqotnm

298 3529 368 3574 eum
390 3529 412 3571 a
431 3505 615 3572 Oblotbario
637 3507 768 3574 missum
791 3530 857 3574 esse
878 3530 978 3592 supra
997 3510 1161 3590 enarravi,
1179 3530 1242 3590 pro
1258 3509 1415 3575 communi

298 3594 480 3663 necessitate
509 3601 539 3660 et
566 3595 704 3674 fortasse
726 3617 790 3679 pro
813 3598 1038 3663 Leudemundo
1068 3597 1209 3679 episeopo
1237 3597 1416 3662 Sedunensi

298 3688 537 3766 deprecaturus,
572 3683 629 3765 qui
655 3685 886 3767 perduellionis
919 3707 992 3750 reus
1021 3683 1202 3750 Luneuua
1235 3685 1280 3749 od
1311 3683 1415 3767 ipsum
1435 3712 1460 3754 ss

299 3797 330 3839 a.
366 3769 477 3855 613t4.
513 3773 730 3856 eonfuqerot⁸,
765 3775 810 3838 ad
841 3775 973 3838 eundem
1006 3795 1110 3856 repens
1144 3794 1176 3838 se
1210 3773 1341 3839 contulit
1378 3774 1415 3839 in
1514 3849 1521 3862 ι

300 3860 456 3926 Neustria
484 3860 681 3927 residentem.
726 3862 866 3928 Doruum
894 3883 1056 3944 repressus
1079 3869 1282 3945 praeceptum
1311 3863 1415 3929 saneti

299 3949 428 4032 imaue
449 3950 601 4031 studebat,
628 3957 665 4016 ut
689 3957 797 4033 pentes
824 3949 949 4016 manas
977 3953 1042 4032 tide
1071 3949 1226 4018 ootboliea
1254 3952 1414 4018 imbueret.

300 4039 350 4104 Eo
373 4043 477 4104 antem
499 4037 632 4103 oonsilio
654 4039 744 4104 baud
763 4038 811 4104 ita
834 4039 924 4122 lonqe
946 4062 968 4105 a
990 4039 1182 4106 monasterio
1206 4041 1360 4125 propredi
1386 4039 1416 4106 ei

300 4148 377 4210 opus
399 4132 477 4192 erat.
523 4125 580 4192 Ad
599 4133 765 4210 utramque
786 4127 893 4194 Dubis
914 4129 1010 4207 fluuii
1035 4128 1142 4212 ripam
1170 4129 1331 4212 Warasoi,
1361 4128 1417 4212 qui
1434 4155 1462 4194 a

301 4316 328 4388 1)
351 4318 382 4374 V.
401 4317 516 4374 Colum.
532 4318 573 4387 11,
584 4321 630 4375 24.
701 4319 729 4390 2)
754 4319 797 4374 Ib.
813 4319 854 4387 II,
866 4322 891 4376 9.
963 4323 993 4390 3)
1021 4323 1064 4380 lb.
1081 4323 1178 4389 [1,25.
1253 4322 1281 4392 4)
1305 4321 1368 4374 Vide
1386 4335 1416 4374 eo

300 4404 368 4458 quae
386 4389 423 4442 ad
440 4389 480 4456 II,
493 4391 518 4446 θ.
535 4391 669 4446 annau.
724 4389 752 4461 5)
769 4391 800 4447 V.
819 4391 934 4448 Colunib.
951 4393 1030 4458 l,20.
1089 4395 1118 4462 b)
1134 4394 1176 4452 lb.
1192 4394 1273 4461 nst.
1328 4391 1356 4462 7)
1376 4391 1415 4446 lb.

300 4459 449 4528 Ila-10.
521 4462 551 4530 8)
569 4461 651 4532 Apud
667 4461 749 4518 Fred.
764 4463 817 4530 IV,
828 4465 873 4531 44,
891 4479 985 4518 meren
1003 4463 1148 4518 Aurasius
1165 4467 1296 4532 seriptum
1313 4469 1360 4518 est.
