3226 5034
451 457 577 528 IONAS,
590 457 686 514 VITA
704 456 895 512 IOHANNIS
913 458 1089 515 ABBATIS.
1276 465 1327 518 331

212 641 347 706 norati1
376 641 553 725 religionis
583 642 696 706 forma
725 641 841 726 plures
870 643 1065 706 instruebat
1096 646 1131 707 et
1160 643 1329 727 regularis

212 730 393 814 discipline
417 751 570 794 normam
595 735 714 796 tenere
738 752 795 795 eos
819 731 1093 796 commonebat⁸.
1137 731 1224 797 (ium
1248 753 1329 815 ergo

212 819 357 883 duorum
373 821 616 884 tantummodo
629 819 799 884 sodalium
812 820 1034 884 comitatione
1046 821 1095 884 ibi
1108 821 1328 905 pervenisset,

212 902 411 972 submotusb
432 909 542 972 omnis
562 909 701 974 honoris
721 914 756 973 et
773 909 884 972 cultui
904 909 1112 974 humilitatis
1132 913 1235 993 atque
1254 910 1330 974 obe·

179 1019 193 1060 ι
212 997 346 1062 dieneie
369 998 554 1075 subiectus,
578 998 740 1062 ultimum
761 1019 797 1062 se
815 998 975 1062 omnibus
993 998 1194 1064 obediencie
1209 999 1329 1082 iugum

210 1087 355 1150 ferendo
387 1087 601 1171 adaptavit⁰.
648 1087 694 1150 Et
724 1107 802 1151 cum
833 1088 902 1150 iam
933 1108 994 1170 per
1025 1088 1192 1154 circulum
1222 1082 1326 1152 anni(1

211 1195 337 1259 sexque
361 1197 494 1240 menses
519 1177 581 1240 sub
606 1177 700 1241 omni
727 1175 937 1239 humilitatis
965 1176 1063 1240 cultu
1085 1176 1229 1240 ultimus
1253 1175 1329 1241 obe·

211 1264 345 1330 dienoie
368 1265 517 1348 rigorem
536 1266 654 1342 ferret,
678 1265 774 1329 venit
791 1265 930 1348 quidam
951 1265 994 1328 ad
1011 1265 1225 1349 prefectum⁰
1246 1265 1329 1328 Liri-

211 1373 316 1418 nense
355 1354 547 1418 cenobium.
609 1353 764 1438 Cumque
809 1353 963 1438 singulos
1008 1355 1253 1418 monachorum
1292 1354 1330 1418 in

168 1465 193 1505 ιο
211 1443 323 1525 operis
360 1443 544 1508 necessarii
583 1463 664 1506 usus
703 1447 859 1507 cerneret
897 1443 1063 1519 laborare,
1103 1436 1212 1507 vidits
1238 1443 1330 1507 inter

211 1535 343 1596 ceteros
365 1531 596 1597 venerabilem
628 1533 736 1595 virum
771 1532 973 1596 Iohannem.
1021 1530 1130 1610 Quem
1162 1533 1221 1595 diu
1253 1553 1329 1596 con·

210 1620 399 1705 templatus
413 1642 452 1685 ac
465 1622 508 1686 de
520 1621 692 1685 industria
706 1642 831 1684 nomen
848 1621 920 1685 eius
936 1621 1124 1704 inquirens,
1141 1621 1327 1706 cognoscit,

211 1709 287 1792 quis
311 1714 410 1787 esset,
435 1711 662 1793 omnibusque
686 1710 908 1794 patefaciens,
934 1711 977 1773 ad
998 1710 1070 1774 eius
1089 1711 1235 1792 vestigia
1255 1731 1328 1794 pro·

211 1800 351 1876 stratus,
386 1800 524 1884 inquid:
566 1799 699 1864 ‘Nonne
734 1799 791 1862 hic
827 1802 880 1863 est
915 1799 1120 1864 venerabilis
1154 1799 1328 1863 Iohannes

168 1911 192 1950 ιι
212 1889 410 1962 monachus,
434 1889 494 1971 qui
517 1888 789 1972 praelationemg
807 1888 975 1952 honorum
999 1888 1146 1972 fugiens,
1172 1889 1215 1951 ad
1239 1880 1324 1952 hech

211 1975 288 2040 loca
311 1976 502 2060 pervenitl'
551 1976 704 2060 Cumque
729 1977 787 2059 qui
815 1977 961 2041 aderant
989 1977 1213 2060 inquirerent,
1245 1977 1328 2104 quid

212 2065 324 2129 dicere
347 2065 463 2142 vellet,
492 2066 552 2130 ille
576 2067 692 2130 omnia
716 2087 756 2129 ex
780 2059 917 2130 ordinc¹
944 2067 1125 2150 depromit,
1149 2065 1245 2150 quali
1293 2085 1328 2130 se

210 2154 261 2218 rei
292 2155 420 2218 veritas
452 2155 591 2219 habeat.
639 2155 762 2238 Sicque
796 2155 945 2238 agnitus,
978 2158 1051 2218 tam
1084 2176 1105 2218 a
1137 2155 1328 2220 senioribus

211 2263 314 2326 quam
344 2265 365 2307 a
396 2244 544 2307 fratrum
576 2247 655 2308 cetu
691 2243 806 2308 debite
841 2244 1055 2308 venerationi
1089 2246 1142 2308 est
1177 2244 1327 2308 habitus.

165 2355 193 2394 eo
212 2330 288 2410 Quo
327 2337 511 2417 comperto,
548 2326 754 2416 Lingonice¹
792 2333 887 2396 urbis
922 2331 1134 2415 Gregorius²
1171 2333 1329 2416 pontifex

210 2427 322 2505 egraem
351 2423 442 2487 ferre
478 2423 583 2506 cepit,
619 2425 680 2484 ut¹¹
707 2422 863 2486 subiecta
893 2421 979 2485 sibi⁰
1007 2421 1102 2506 plebi
1136 2421 1324 2486 solaminai'

210 2511 396 2594 perdenti,
422 2512 614 2595 direxitque
638 2511 766 2594 absque
786 2511 974 2575 dilationer
994 2515 1054 2575 ex⁸
1076 2511 1149 2576 eius
1169 2511 1329 2576 coenubii

210 2603 308 2684 septa
331 2601 424 2664 virus
448 2621 525 2664 cum
557 2597 803 2684 epistularumt
828 2600 1115 2684 subplimentum:
1148 2622 1252 2663 unam
1284 2601 1327 2663 ad

210 2709 288 2753 eum
320 2690 379 2773 qui
409 2694 567 2774 praeerat
591 2691 724 2773 adqueu
747 2689 901 2753 subiecta
926 2689 992 2753 sibi
1015 2689 1151 2772 plebel,
1183 2690 1257 2754 eius
1279 2709 1327 2753 re·

165 2799 191 2839 aa
210 2777 284 2842 dito
308 2780 472 2843 contrarii
491 2785 558 2844 neW
575 2783 699 2852 essent,
723 2785 825 2842 nam¹
846 2779 993 2841 damnoy
1013 2778 1201 2842 *communi
1224 2778 1328 2862 parti·
1376 2823 1382 2836 .
1433 2826 1439 2838 .

210 2887 289 2951 ceps
327 2869 461 2944 forent,
504 2869 607 2931 aliam
649 2869 827 2952 propriaez
863 2869 905 2930 ad
945 2868 1055 2930 virum
1095 2867 1327 2930 venerabilem

210 2955 412 3032 Iohannem,
430 2957 580 3020 reditum
597 2957 791 3040 postulans:
809 2956 899 3037 quod
918 2956 956 3031 si,
974 2955 1133 3037 opposita
1149 2955 1325 3032 dilatione,

209 3043 324 3108 facere
355 3045 538 3118 neclexit⁸,
569 3045 736 3107 iudicium
766 3044 1012 3126 omnipotentis
1038 3043 1103 3106 Dei
1135 3044 1176 3108 de
1201 3045 1326 3107 damno

210 3126 353 3196 omissel
377 3133 441 3195 hac
466 3133 649 3196 derelicte⁰
674 3131 792 3214 plebes
819 3133 971 3215 recipere
995 3133 1167 3195 metuerit.
1215 3131 1326 3211 Quam

165 3239 192 3279 so
210 3240 347 3284 causam
372 3221 519 3303 utrique,
544 3224 614 3284 tam
640 3220 699 3303 qui
723 3223 880 3302 praeerat
903 3220 946 3283 ob
971 3219 1052 3284 boni
1076 3215 1224 3284 sodalisd
1247 3222 1326 3285 ami·

209 3309 314 3386 sione,
344 3330 447 3393 quam
478 3309 582 3373 etiarn
613 3309 828 3372 venerandus
859 3309 1025 3372 Iohannis
1055 3309 1098 3373 ob
1128 3310 1247 3374 iudicii
1278 3311 1325 3372 in·

369 3483 421 3531 Cap.
436 3483 456 3523 4.
485 3482 524 3520 Ar
535 3484 559 3528 (a
573 3482 588 3521 l.
599 3483 642 3532 21).
658 3482 677 3522 2.

316 3589 405 3638 Cap.4
445 3588 468 3640 a)
489 3589 644 3628 commanebat
657 3588 704 3627 At.
768 3587 792 3637 b)
812 3589 844 3627 tta
857 3588 950 3636 certmst
970 3588 1073 3627 submotu
1087 3589 1133 3628 Aa.
1198 3590 1218 3639 c)
1233 3587 1326 3639 adopta-

208 3643 243 3682 rit
257 3644 306 3682 ΑΞ.
362 3643 384 3694 (1)
398 3643 453 3682 anni
467 3643 514 3682 Aa
577 3642 598 3692 e)
612 3643 643 3680 ita
652 3653 690 3690 pr,
704 3653 732 3683 m.
746 3642 793 3682 Aa
848 3643 865 3692 i)
880 3642 943 3681 venit
957 3642 1004 3681 At.
1059 3643 1081 3693 g)
1096 3643 1127 3680 tta
1140 3643 1167 3682 Β.
1183 3642 1212 3690 0,·
1225 3644 1325 3683 sublimi·

164 3699 190 3740 56
209 3702 278 3736 tatem
292 3697 339 3739 Aa.
393 3695 417 3747 h)
431 3697 473 3735 hoe
488 3697 534 3734 At.
590 3695 606 3745 i)
620 3693 740 3734 exordinet
753 3696 800 3734 At.
861 3695 884 3747 ii)
898 3696 930 3734 lta
943 3695 1186 3745 A2(cs.1r.180.12).
1241 3697 1257 3747 i)
1273 3697 1325 3737 Lin-

209 3751 303 3797 guonice
317 3751 364 3789 Aa
433 3750 464 3801 ιιι)
485 3751 517 3788 ita
534 3749 627 3797 corbesa-
648 3751 689 3788 hec
711 3750 796 3788 roierre
810 3749 857 3788 Aa
927 3751 950 3794 ιι)
970 3750 994 3787 ia
1014 3754 1039 3788 ut
1059 3750 1115 3788 redit
1128 3750 1179 3799 A13
1202 3748 1261 3798 quod
1275 3751 1323 3790 Aa.

208 3805 230 3850 o)
251 3805 352 3843 subiecta
365 3804 416 3852 (eibi
430 3803 482 3854 om.)
496 3803 556 3852 plebi
569 3803 621 3852 113
643 3803 743 3842 subiecte
757 3803 799 3842 ribi
813 3804 874 3842 urbis
888 3803 952 3851 plebs
967 3803 1012 3842 At.
1072 3805 1095 3852 p)
1115 3814 1196 3850 magna
1210 3805 1260 3842 add.
1277 3805 1323 3843 At.

208 3861 231 3905 q)
245 3855 436 3906 perdideram.
479 3860 499 3904 r)
512 3858 544 3895 tta
557 3857 609 3905 Am
625 3853 760 3896 dilaneione
774 3856 822 3898 Ar.
862 3856 880 3906 a)
895 3856 986 3905 itaA13
1002 3854 1031 3894 ad
1045 3857 1092 3896 Aa.
1135 3856 1152 3906 i)
1166 3857 1325 3906 epistolaribus

208 3911 386 3950 exortationibus
400 3921 422 3949 u.
438 3911 485 3949 Aa
554 3909 577 3959 ιι)
595 3921 629 3958 pr.
645 3911 738 3949 nocebio
753 3911 793 3956 (etc
802 3921 846 3958 pro
861 3910 964 3956 cenobio)
979 3907 1038 3958 quod
1053 3909 1153 3950 subiecta
1168 3922 1185 3948 s.
1201 3911 1261 3959 plebi
1275 3911 1323 3949 Aa.

162 3967 190 4005 40
208 3969 233 4014 v)
248 3965 271 4003 in
285 3965 336 4006 add.
352 3965 399 4004 Aa
455 3964 484 4015 w)
499 3963 634 4012 trascripta-
648 3963 812 4012 inessentA15
827 3963 963 4002 essentne.
1018 3963 1041 4014 x)
1060 3975 1088 4002 ne
1102 3965 1154 4012 A1;
1175 3975 1226 4002 nam
1241 3971 1264 4002 et
1278 3965 1325 4007 Ar.

208 4017 232 4068 y)
253 4015 334 4057 domno
349 4029 367 4060 c.
381 4017 432 4066 „415
454 4015 545 4066 dampni
563 4018 684 4056 communia
698 4017 745 4056 At.
819 4017 839 4066 z)
860 4017 974 4066 propriam
987 4018 1035 4056 Aa
1103 4017 1125 4067 a)
1146 4018 1264 4066 negligerii
1278 4018 1325 4062 Aa

208 4071 231 4120 b)
252 4071 348 4110 admisso
361 4071 409 4110 At.
478 4073 499 4116 c)
520 4069 628 4110 derelicta
642 4071 785 4120 plebcsA13
807 4069 916 4110 derelicta
930 4071 995 4119 plebs
1008 4071 1056 4112 Aa
1134 4068 1157 4122 d)
1178 4069 1261 4110 sodoiir
1275 4071 1323 4110 Ar.

209 4223 236 4288 1)
264 4221 404 4272 Honorati
427 4221 582 4274 Ber-taenea
610 4236 635 4275 a.
654 4223 715 4276 426.
747 4224 863 4288 episcopi
890 4222 1054 4274 Arelatensis
1085 4223 1156 4285 facti
1180 4223 1324 4290 paucaeque

207 4296 291 4344 oanis
305 4299 368 4359 poet
385 4294 504 4358 defuncti
523 4297 675 4359 praecepta,
699 4293 850 4345 adveniam
868 4293 997 4358 Iohanne,
1024 4295 1054 4344 ta
1072 4293 1163 4344 imula
1180 4296 1324 4345 etiaeduae

161 4387 189 4426 st
207 4363 336 4430 cipriani,
360 4369 390 4416 at
409 4365 492 4430 boam
510 4369 577 4416 recte
594 4366 787 4430 interpretatae
805 4370 843 4415 eet
860 4365 1013 4417 Ludoaicue
1030 4364 1176 4426 Ducbeene,
1197 4364 1323 4418 ‘Bodetia

207 4436 327 4503 erittquc’
341 4437 419 4502 1893,
437 4453 463 4502 p.
476 4438 537 4493 456.
612 4437 638 4502 2)
664 4434 737 4486 Sedit
755 4451 780 4490 a.
794 4436 977 4504 eccli-539.
