3222 5030
299 450 334 504 12
513 441 638 512 IONAS,
651 439 773 496 VITAE
792 437 1021 496 COLUMBANI
1039 437 1148 494 LIBRI
1166 437 1206 494 H.

297 627 390 694 missi
405 629 450 693 ad
468 624 659 708 Grcporium
676 622 845 706 peruenire
860 620 1076 704 nequiverant,
1100 627 1280 702 mortuoque
1296 623 1419 686 menum

297 717 376 799 ipso,
407 717 452 782 ad
479 735 685 780 successorem
715 734 746 776 a.
772 717 846 776 604.
877 711 1000 776 litteras
1029 710 1108 774 dare
1138 709 1269 791 contipit
1295 709 1343 774 ita
1371 711 1419 776 in·

297 805 462 888 cupientes:
485 806 561 868 Iam
586 805 780 868 diuomues
797 797 988 882 (semmel)
1006 801 1080 864 sedi
1099 799 1310 882 spostolicae
1326 821 1419 884 prae·

297 897 450 960 sidentes
463 893 679 958 dulcissimos
695 892 854 956 omnibus
870 889 1045 974 praesules
1061 889 1222 953 fidelibus
1238 910 1278 954 ac
1294 890 1418 954 merito

297 984 481 1069 apostolici
504 982 643 1046 honoris
667 980 967 1045 reverendissimos
990 981 1106 1061 patres
1129 978 1270 1042 visitare
1294 979 1454 1061 spiritus

297 1077 334 1138 et
369 1071 540 1137 consolari
574 1071 725 1153 cupiens,
761 1090 854 1132 nunc
884 1087 992 1150 usque
1022 1067 1111 1131 volis
1142 1101 1185 1110 —-
1218 1068 1418 1132 satisfacere

298 1183 367 1226 non
398 1161 507 1246 potui.
554 1159 606 1222 Ne
628 1158 736 1222 eodem
761 1157 900 1235 iteraret,
931 1155 1083 1238 epistulas
1106 1154 1236 1236 priores
1263 1154 1419 1236 Greporia

297 1270 364 1314 uon
386 1247 523 1313 traditas
545 1245 717 1312 successori
738 1244 974 1310 euaminondas
994 1242 1206 1309 Columbanus
1224 1243 1334 1310 obtulit
1350 1265 1419 1308 uua

298 1359 369 1402 cum
398 1336 534 1418 epistula
563 1337 607 1399 ad
635 1334 849 1416 episcoporum
878 1331 1120 1398 Gallicanorum
1149 1334 1304 1415 spuodum
1330 1333 1416 1398 data.

303 1424 580 1490 Tumultuantibus
619 1423 728 1506 potius
765 1445 861 1504 quam
897 1420 1165 1486 ratiocinantibus
1210 1421 1417 1502 aduersariis,
1438 1448 1468 1486 ιο

298 1513 499 1580 auctoritatis
521 1512 655 1595 papalis
677 1511 865 1578 seutentiam
888 1509 1028 1592 ombioit,
1058 1517 1094 1575 ut
1115 1509 1177 1576 sibi
1200 1509 1419 1575 laborantibus

297 1603 477 1670 subueniret
504 1602 723 1683 seniorumque
749 1621 878 1665 suorum
908 1599 1112 1664 traditionem
1142 1601 1353 1680 confirmaret,
1384 1605 1419 1663 ut

298 1693 395 1756 ritum
418 1691 569 1774 paschae,
599 1690 682 1756 sicud
703 1689 902 1772 accepissent,
933 1687 1095 1754 iudicante
1122 1690 1227 1752 eodem
1255 1688 1418 1752 obseruare

292 1787 424 1864 possent
450 1780 488 1844 iu
510 1779 773 1864 pereprinatioue
802 1799 871 1842 sua.
923 1776 1091 1843 Contendit
1118 1783 1222 1841 autem
1244 1776 1281 1841 iu
1304 1777 1418 1857 patria

298 1891 331 1938 se
354 1870 457 1934 oioere
486 1869 523 1934 iu
552 1867 684 1934 desertis
705 1869 845 1933 sedentes
867 1886 965 1948 neque
990 1867 1075 1930 ullas
1102 1864 1270 1930 Gallorum
1291 1865 1419 1946 reputas
1439 1890 1465 1930 u

297 1958 491 2040 recipientes,
523 1957 665 2040 nullique
691 1956 812 2021 molesti
833 1957 960 2038 repulus
982 1953 1143 2020 seniorum
1168 1975 1297 2020 morum
1320 1955 1418 2018 obser·

296 2055 408 2114 rantes
423 2046 612 2130 perturbari
635 2047 792 2112 uolebant.
839 2046 938 2110 Saloe
963 2043 1065 2125 ipitur
1087 2042 1314 2108 ecclesiasticae
1338 2064 1418 2123 pace

297 2136 434 2202 unitatis
456 2136 524 2202 iam
541 2136 626 2200 inter
645 2135 757 2200 Gallos
772 2137 881 2215 depere
904 2133 1136 2213 desiderabant,
1161 2131 1196 2196 id
1218 2134 1301 2213 quod
1323 2131 1418 2196 etiam

299 2226 339 2290 ab
362 2225 443 2305 ipsis
465 2223 617 2304 episcopis
645 2223 856 2288 Columbauus
885 2222 922 2286 in
952 2221 1086 2301 epistula
1109 2222 1316 2302 praecedente
1339 2220 1418 2301 peti-

298 2315 419 2378 oerat2.
466 2312 613 2392 Denique
647 2311 727 2376 actis
760 2309 889 2375 concilii
920 2308 1263 2392 Constantinopolitani
1286 2310 1339 2374 II.
1369 2309 1418 2374 iu·
1437 2334 1465 2374 so

299 2401 424 2481 nititur,
446 2406 484 2484 ut
501 2399 568 2464 suis
584 2400 712 2481 lepidus,
736 2398 817 2463 sicut
838 2421 859 2462 a
876 2397 1027 2479 patriam
1041 2400 1165 2464 edoctae
1180 2405 1290 2480 esseut,
1314 2398 1418 2462 oioere

300 2489 407 2554 liceret
429 2487 567 2554 ecclesiis
594 2487 631 2551 in
655 2487 804 2552 tardaris
825 2485 970 2568 pentilus
993 2487 1176 2569 constitutis,
1210 2487 1268 2552 etsi
1291 2488 1328 2552 de
1351 2486 1419 2552 suis

299 2577 419 2660 lepileus
456 2576 540 2642 ntuli
576 2575 692 2640 ibidem
730 2575 873 2657 lepiturss,
916 2574 1110 2657 nimiumque
1148 2583 1339 2658 arrepunter
1376 2575 1421 2640 ad

300 2687 453 2732 cononem
475 2665 565 2730 illum
588 2686 711 2747 popam
734 2664 895 2744 delepaoit,
926 2664 1020 2745 qumi
1043 2665 1176 2730 barderi
1198 2665 1336 2745 ficissent
1357 2664 1418 2744 epi·

299 2755 385 2837 scopi
412 2753 578 2820 Gallicani
599 2775 667 2818 uua
691 2775 759 2818 cum
783 2750 919 2817 Victoria
942 2773 1007 2817 suo.
1438 2777 1466 2816 ss

408 2860 556 2942 Denique
579 2882 610 2924 a.
628 2866 701 2924 607.
728 2859 826 2924 Scotti
848 2859 938 2923 tertio
961 2861 1040 2924 luna
1061 2860 1163 2926 XIV.
1187 2859 1266 2943 cpcti
1289 2858 1419 2924 Victori·

301 2950 369 3031 aui,
394 2950 446 3014 die
468 2949 587 3014 scilicet
607 2955 657 3012 16.
674 2947 811 3032 Aprilis,
830 2949 955 3029 pascito
973 2949 1179 3029 celebrabant,
1203 2948 1293 3014 Galli
1316 2954 1420 3012 autem

301 3038 479 3120 insequenti
501 3039 553 3103 die
576 3037 743 3102 dominico.
789 3036 942 3119 Episcopi
971 3039 1102 3120 spuodis
1125 3038 1288 3104 celebratis
1310 3043 1420 3102 eontra

294 3127 487 3213 pereprinos
509 3150 531 3192 a
554 3125 857 3208 conprovincialium
879 3127 1019 3192 moribus
1041 3127 1244 3193 desciscentes
1267 3148 1300 3192 eo
1323 3146 1420 3206 usque

301 3217 391 3284 ltaud
410 3217 542 3282 multum
566 3215 743 3297 effecerant,
767 3214 834 3280 uisi
855 3215 963 3296 fallor,
991 3237 1025 3280 eo
1048 3219 1132 3298 quod
1147 3215 1313 3297 praesidio
1336 3213 1421 3296 repis
1440 3237 1468 3278 eo

304 3427 331 3494 1)
358 3427 459 3478 Scilicet
484 3424 532 3477 diu
555 3441 605 3477 uos
626 3441 680 3491 pro
701 3423 747 3476 diu
765 3427 796 3477 οἶ
814 3427 862 3489 (--
882 3429 1002 3492 omnes),·
1026 3425 1421 3492 er.ud.,up.111,p.165,

304 3498 322 3552 l.
336 3499 384 3552 22:
403 3495 506 3563 advos,
523 3499 560 3547 ut
576 3494 667 3561 dixi,
685 3496 848 3562 apostolicas
859 3499 959 3563 patres.
990 3498 1186 3562 Intellepuntur
1197 3498 1256 3548 sedi
1266 3497 1422 3562 apostolieae

300 3568 482 3636 praesidentes
499 3572 522 3617 et
537 3567 684 3632 Greporius
702 3574 725 3620 ct
742 3583 872 3620 successor
889 3570 976 3634 ipsius
994 3574 1072 3636 atquc
1090 3569 1157 3620 ‘diu'
1176 3569 1212 3618 ad
1230 3568 1304 3620 iltius
1320 3573 1422 3634 tempus

303 3639 476 3701 referendum
492 3643 537 3689 est.
591 3639 619 3704 2)
642 3637 741 3702 Confer
756 3656 784 3706 p.
799 3641 859 3705 165,
879 3639 952 3693 tut.
971 3655 1029 3691 cum
1043 3657 1073 3708 p.
1088 3641 1148 3704 162,
1167 3639 1240 3698 tot.
1266 3639 1422 3704 Epistulam

304 3709 359 3764 III.
379 3710 416 3760 ad
434 3709 608 3772 Bonifacium
620 3709 669 3762 IV.
690 3707 965 3775 apostolatum
985 3727 1038 3763 esse
1062 3711 1159 3762 moluit
1183 3726 1265 3776 quam
1290 3711 1327 3760 ad
1345 3709 1422 3760 Sabi·
1440 3717 1467 3758 ³5

303 3783 427 3844 mianum,
446 3779 553 3846 Hauclc,
572 3779 796 3846 ‘Kirclrcnpcsclu’
809 3781 832 3848 I,
847 3781 924 3849 601⁸,
944 3784 990 3834 elec
1008 3789 1082 3837 recte.
1120 3782 1186 3834 Cum
1211 3783 1282 3832 enim
1307 3784 1337 3832 in
1361 3783 1422 3847 ipsa

306 3851 484 3904 Columbanus
511 3867 619 3904 causam
646 3853 721 3919 apud
747 3854 831 3906 sedem
858 3855 1029 3920 apostoticam
1052 3859 1204 3921 persecutus
1230 3855 1266 3904 sit
1292 3852 1423 3918 (tremore

303 3925 404 3976 sedente
422 3925 560 3989 inceptam,
583 3939 691 3990 cumque
708 3925 837 3992 epistulas
853 3926 911 3976 sedi
927 3925 1083 3992 apostoticae
1101 3930 1164 3976 tnnc
1182 3925 1334 3989 tradiderit,
1355 3939 1424 3990 quas

305 3995 348 4046 illi
365 3999 443 4046 antea
457 3995 637 4061 portitoribus
654 3995 787 4062 impeditis
799 3996 906 4048 tradere
923 4000 1083 4062 nequiuerat,
1100 4011 1159 4046 cunr
1171 3995 1281 4062 durique
1296 4011 1364 4060 quae
1381 3995 1425 4044 illi

304 4067 450 4133 scripserat
474 4082 505 4118 ca
529 4069 628 4118 iterare
652 4067 776 4131 noluerit,
800 4068 831 4118 de
850 4068 905 4118 atio
924 4071 1001 4133 atque
1025 4083 1053 4118 eo
1071 4069 1119 4133 qui
1135 4067 1179 4118 illi
1203 4069 1258 4132 ipsi
1279 4067 1424 4134 proicimus
1441 4073 1470 4112 40

305 4143 464 4191 sumesserat
478 4153 555 4204 papo
573 4154 631 4190 mea
648 4138 752 4204 quedem
771 4140 894 4204 opinione
909 4141 1026 4203 copitare
1043 4139 1090 4188 oia
1108 4139 1174 4192 ticet.
1252 4139 1280 4202 3)
1304 4136 1424 4188 Oenones

303 4227 364 4276 pm:
383 4207 450 4261 κατὰ
468 4207 515 4276 τὴν
533 4207 701 4276 κρατήσασαν
720 4208 862 4275 συνήθειαν
879 4207 951 4273 παρὰ
967 4214 1020 4259 τῶν
1035 4207 1156 4274 πατέρων
1162 4227 1172 4270 ,·
1192 4209 1254 4262 tort:
1272 4205 1423 4260 secundum

305 4285 415 4348 patrum
441 4296 510 4348 quse
535 4283 642 4334 servata
667 4283 709 4332 est
733 4277 958 4332 consuetudinem
983 4279 1097 4346 (Manet,
1117 4280 1192 4334 Cone.
1212 4279 1267 4344 III,
1282 4281 1363 4339 559);
1388 4279 1422 4342 cf.

305 4347 441 4418 Madssen,
468 4352 569 4406 ‘Gesclu
595 4352 621 4403 d.
642 4350 748 4414 Quellen
773 4352 798 4405 d.
825 4350 998 4404 cononisolecn
1017 4351 1120 4404 Rechts'
1138 4351 1161 4419 I,
1179 4352 1246 4406 944:
1273 4347 1423 4402 secundum

305 4421 376 4474 hanc
395 4438 464 4489 quse
483 4421 557 4490 apud
574 4425 666 4490 patres
685 4419 853 4475 consuetudo
873 4421 1000 4490 optinuit.
1442 4428 1471 4467 46
