3222 5030
416 453 542 522 IONAS,
554 453 678 509 mm
696 452 926 510 OOLUMBANI
943 452 1051 508 LIBRI
1068 453 1108 510 11.
1286 456 1321 510 5⁷

201 646 236 704 nt
259 647 366 716 facere
389 658 454 702 non
471 635 602 719 possim,
626 635 706 718 quin
729 635 829 701 eidem
846 635 971 702 omini
992 641 1021 700 et
1037 634 1120 700 illud
1137 634 1320 700 attribuam.

208 727 285 794 &cur
309 725 443 808 denique
464 725 502 791 in
525 725 615 791 tertio
633 724 763 790 uirtutes
780 724 828 789 ita
848 730 1079 805 ennnerenlnr,
1102 723 1185 788 sicut
1201 723 1237 788 in
1255 723 1322 790 cita

201 816 275 899 ipsa
297 816 416 882 relatae
439 821 521 895 suut,
552 819 693 895 nonest,
725 833 783 878 cur
806 811 1056 894 praescriptioni
1084 811 1183 877 nnius
1205 811 1322 878 codicis

201 904 236 970 B
251 907 288 970 lb
318 904 517 985 diffidamus,
547 902 666 969 scilicet
694 923 764 967 eone
793 900 1029 967 transmittendi
1058 899 1158 981 fuisse
1181 922 1319 981 eunoun,

163 1015 177 1056 o
202 995 286 1076 quod
306 993 344 1060 in
360 993 569 1075 praecedente
591 997 702 1056 auctor
725 1012 780 1056 eas
796 989 1024 1073 praeteriisset.

310 1101 420 1164 Sermo
436 1098 538 1163 Ionae
553 1100 704 1179 quamdo
719 1118 758 1161 eu
772 1096 932 1163 vocabulis
949 1095 1143 1178 floribusque
1158 1102 1321 1161 auctorum

202 1187 405 1253 classicorum
424 1187 611 1269 cornpositus
625 1186 675 1267 sit,
696 1186 762 1252 alio
777 1187 842 1251 loco
857 1186 987 1268 enposni
996 1186 1017 1248 1.
1056 1185 1168 1250 Etiarn
1188 1183 1322 1250 Graecis

201 1276 361 1342 uocabulis
397 1275 561 1341 nonnullis
597 1276 743 1340 utebatur
778 1271 819 1352 (e.
850 1295 899 1356 pr.
935 1276 1064 1359 agapis,
1103 1273 1249 1355 reuma),
1287 1280 1323 1339 nt

201 1385 294 1430 marn
308 1385 404 1447 quarn
419 1385 543 1447 operose
558 1370 671 1429 nactus
685 1369 756 1429 erat
770 1369 938 1428 ostentaret
951 1362 1117 1428 scientiam
1132 1362 1320 1427 litterarum.

156 1477 184 1516 ιο
202 1453 248 1518 In
268 1453 489 1536 pramrnaticis
512 1459 617 1518 antem
636 1473 757 1534 parurn
780 1451 967 1517 enercitalus
989 1459 1067 1532 erat,
1090 1451 1216 1533 ipseque
1238 1451 1322 1516 uitae

202 1542 426 1608 describendae
448 1542 604 1623 imparem
627 1563 660 1606 se
682 1541 719 1606 in
748 1541 883 1623 epistula
906 1540 1045 1622 praeitur
1075 1541 1236 1620 consessus
1265 1539 1320 1604 iru-

195 1630 351 1713 peritiam
387 1631 504 1713 eloquii
541 1630 593 1696 sui
629 1629 791 1696 censano
827 1651 926 1712 neque
961 1629 1129 1694 ‘doctorum
1161 1628 1322 1711 pressibns

202 1720 381 1802 eowauari'
404 1719 511 1802 uoluit,
542 1719 610 1785 nisi
637 1720 720 1798 forte
750 1720 810 1783 bae
832 1717 977 1800 aliaeque
998 1716 1168 1783 enodatius
1191 1723 1321 1782 ostentu-

201 1807 303 1874 tiones
325 1809 434 1891 polius
457 1810 502 1874 ad
523 1809 632 1874 laudes
655 1808 842 1873 eucitandas
863 1807 1052 1888 spectabunt.
1099 1807 1175 1871 Iarn
1197 1827 1321 1872 consue-

156 1896 325 1966 situdinis
353 1919 448 1980 quarn
477 1898 611 1963 babebat
638 1896 798 1963 scribendi
827 1896 967 1978 euernpla
989 1896 1145 1960 nonnulla
1167 1895 1322 1974 afferam:

247 1986 424 2052 uotiuum
441 1993 530 2068 part.
554 1986 660 2065 futuri
682 1986 747 2050 loco
764 1984 891 2066 passini
906 1983 1041 2066 passim,

247 2096 367 2142 casus
388 2096 454 2140 non
476 2082 557 2142 recte
579 2074 725 2155 adhibiti,
749 2073 868 2139 scilicet

320 2186 384 2231 acc.
415 2165 480 2230 loco
514 2166 578 2230 dat.
607 2169 683 2247 post
716 2163 907 2238 detrahere,
936 2163 1115 2247 imperare,
1147 2162 1318 2241 oboedire,

417 2255 620 2338 persolvere,
646 2254 799 2329 suadere,
823 2251 1026 2329 valedicere,

155 2367 184 2407 so
320 2344 386 2408 dat.
416 2343 481 2408 loco
503 2363 618 2425 praep.
642 2343 685 2407 ab
710 2347 785 2424 post
805 2341 1001 2425 impetrare,
1032 2361 1181 2425 poscere,
1206 2344 1320 2425 postu·

416 2432 498 2509 lere,
522 2432 665 2516 precari,

315 2541 385 2602 pen.
415 2521 481 2586 loco
504 2521 565 2585 abl.
583 2526 660 2604 post
682 2521 803 2596 ditare,
828 2520 972 2604 privare,

314 2631 384 2692 pen.
416 2609 481 2674 loco
504 2610 568 2674 dot.
593 2615 667 2690 post
688 2614 818 2693 gratus,
848 2609 1060 2692 incongruus
1087 2613 1212 2689 etpost
1239 2609 1319 2674 adu·

415 2719 508 2775 nere,
529 2701 779 2776 commendare,
798 2699 957 2774 inserere,
974 2697 1127 2781 iungere,
1144 2698 1318 2782 praebere,

156 2809 183 2852 so
416 2789 586 2872 prodesse,
611 2788 798 2865 subiacere,

247 2875 403 2959 ooniup.
428 2882 459 2939 3.
476 2896 586 2958 praes.
606 2882 666 2940 act.
685 2895 747 2957 per
764 2879 849 2941 ent:
870 2875 1046 2952 accedent,
1066 2875 1170 2952 aient,
1189 2879 1319 2940 ennent

363 2961 422 3043 (=
434 2963 607 3047 annuunt),
624 2965 832 3049 conpellent,
845 2965 972 3041 dicent,
989 2963 1152 3038 incolent,
1166 2970 1318 3048 possent,

362 3059 597 3140 prorumpent,
617 3053 762 3134 aliaeque
779 3051 1023 3134 inaequalitates
1041 3053 1177 3118 deferta
1197 3048 1255 3129 (=
1271 3053 1319 3116 de

362 3143 452 3226 lato),
477 3143 730 3208 meminisoereb
757 3149 787 3207 et
814 3141 959 3223 irnperat.
988 3141 1233 3216 meminiseere,
1263 3141 1319 3205 ob·

157 3251 183 3294 so
363 3236 497 3308 stesseb,
521 3232 711 3308 recollexil,
736 3237 847 3311 cetera,

247 3320 573 3386 constructionis
607 3322 652 3385 ad
687 3340 814 3384 sensum
847 3337 1109 3398 numerorumque
1146 3316 1319 3399 inparium

361 3431 438 3475 usus
460 3411 618 3492 frequens,

246 3497 343 3564 decl.
364 3504 394 3568 4.
418 3500 483 3564 dat.
507 3498 590 3580 siup.
615 3520 656 3561 -u
678 3517 764 3562 rnore
786 3495 936 3576 antiquo:
962 3516 1062 3574 nexu,
1091 3500 1204 3581 portu,
1231 3496 1318 3573 sinu,

362 3586 607 3652 indeclinabilia
644 3587 696 3652 sol
736 3582 777 3664 (e.
809 3606 859 3667 pr.
895 3585 946 3650 sol
981 3583 1234 3667 occumbente),
1268 3587 1321 3650 vir

156 3696 183 3740 n
363 3673 422 3755 (=
446 3675 519 3756 oiri,
543 3675 657 3756 urum,
682 3697 703 3739 o
725 3673 821 3757 ciro),
1302 3708 1305 3714 ν

244 3783 397 3845 ponera
413 3764 540 3846 passion
562 3763 648 3830 inter
670 3785 703 3830 se
719 3769 903 3846 permutata

365 3868 394 3954 1)
417 3891 514 3936 rnna.
525 3886 589 3952 pro
601 3871 693 3949 fen:
708 3871 900 3956 aegritudo,
914 3871 1024 3948 arbor,
1038 3873 1169 3948 cohors,
1184 3890 1319 3955 conpes,

416 3957 607 4041 (meremus,
637 3962 743 4037 frons,
775 3981 869 4044 gens,
900 3960 1006 4036 nabi0,
1038 3980 1108 4044 ops,
1140 3959 1247 4024 sslivo
1273 3957 1322 4022 uel

416 4049 526 4114 salibo
550 4049 610 4113 abl.
637 4047 696 4129 (=
719 4048 850 4132 saliua),
875 4049 1035 4132 synodus,
1059 4049 1164 4124 trabs,
1188 4047 1281 4123 villa,

155 4175 183 4216 n
363 4152 394 4237 2)
417 4175 514 4220 masc.
531 4175 595 4236 pro
613 4161 735 4220 unctu:
758 4155 958 4229 curriculus,
982 4155 1126 4230 furium,
1148 4153 1320 4236 legumen-

415 4247 501 4322 tum,
518 4243 646 4322 lumen,
661 4245 876 4328 margaritus,
893 4241 1046 4318 meritus,
1063 4240 1318 4316 monasterium,

201 4437 228 4504 1)
248 4435 348 4494 ‘Mera
367 4435 412 4489 dee
430 4436 557 4488 Instituta
574 4434 625 4498 ftlr
642 4433 791 4488 bstcrrcielt.
813 4427 1073 4496 Gwabiclttesorsclr!
1088 4428 1169 4494 XIV,
1180 4431 1243 4486 437.
