3222 5030
424 449 552 519 muse,
565 449 685 506 vm
704 415 933 506 confflem
950 449 1059 506 mem
1076 450 1118 508 11.
1294 456 1330 510 ce

210 655 269 718 pue
285 654 349 717 per
370 632 521 698 editorem
542 631 715 698 Redonum
737 639 910 716 cmmertos
931 633 1089 715 hobemm,
1112 654 1203 715 ouem
1225 635 1329 700 eodem

211 729 268 790 aut
294 721 459 806 persimili
487 721 661 804 eccmplari
689 742 783 786 usum
811 742 877 786 esse
903 721 1032 804 primm
1057 721 1177 803 monui,
1211 722 1330 804 hasam

210 810 340 878 uncinis
361 810 505 876 inclusas
527 809 682 892 dislinni,·
704 809 877 876 nmnullas
894 831 933 875 en
947 811 1093 876 Lacolori
1115 809 1197 876 libro
1219 809 1328 892 didici,

204 921 332 983 panorm
354 898 471 965 litteris
493 898 578 964 datis
600 901 641 964 ab
664 899 832 964 Edmondo
855 898 1089 966 bibliothecario
1109 899 1225 982 accepi.

179 1028 193 1069 s
318 1001 438 1089 Alo*)
478 1004 584 1072 Codeoc
615 1003 908 1070 Einsidlensis
940 1027 973 1070 n.
997 1011 1071 1088 957,
1106 1027 1186 1072 saec.
1213 1006 1257 1089 X,
1292 1008 1330 1072 de

211 1095 302 1162 cuius
324 1093 406 1175 fatis
429 1095 490 1160 Sd.
514 1095 555 1159 R.
580 1095 705 1160 Merca.
729 1095 804 1176 III,
821 1100 896 1174 629,
920 1093 1067 1176 disserui,
1085 1117 1121 1176 p.
1139 1101 1328 1176 937-298,

218 1185 255 1250 V.
277 1183 466 1250 Columbini
480 1204 551 1248 oum
565 1182 763 1249 carminibus
778 1182 922 1260 continet,
939 1185 995 1249 sed
1008 1183 1178 1250 lateruclns
1192 1182 1330 1267 cupitum

211 1272 315 1355 spatio
337 1271 445 1338 relicto
468 1271 677 1338 desideratur.

319 1361 352 1425 A
378 1360 465 1443 lo⁸*)
506 1359 610 1426 Oodea
643 1360 844 1426 bibliothecae
877 1359 1161 1426 Lindesianoe
1196 1383 1229 1426 n.
1258 1367 1329 1443 101,

168 1473 194 1512 n
211 1471 292 1516 socc.
311 1449 355 1532 X,
379 1450 436 1531 fol.
453 1455 505 1531 42,
529 1472 552 1514 a
572 1455 721 1516 matrona
744 1450 893 1533 Rplands
916 1446 1099 1534 (Lonyford
1120 1451 1211 1532 Hall,
1236 1451 1331 1516 81νεί-

211 1541 290 1621 ford
310 1559 416 1624 prope
438 1537 673 1620 Monmninm)
696 1560 798 1622 nuper
822 1537 1005 1621 acquisitae,
1036 1545 1107 1604 erat
1128 1539 1213 1604 inter
1234 1539 1332 1604 libros

211 1648 289 1711 qnos
316 1627 412 1692 Libri
441 1627 495 1692 illc
524 1628 668 1708 famosae
696 1626 866 1693 memoriae
895 1627 970 1692 olim
999 1629 1172 1711 colleperat,
1202 1649 1332 1710 cuonone

212 1715 398 1782 bibliotheca
426 1715 531 1801 ipsi-ns
560 1739 592 1782 a.
620 1721 714 1781 1859.
747 1717 792 1782 ad
819 1715 945 1780 hastam
975 1719 1141 1800 accederet,
1172 1740 1194 1782 a
1223 1717 1275 1784 W.
1303 1723 1333 1782 ct

215 1807 252 1871 Τ.
276 1805 438 1870 Bateman
458 1811 589 1889 emptus
613 1812 666 1882 est,
697 1805 810 1871 deinde
838 1803 876 1868 in
905 1805 1053 1872 armario
1075 1805 1198 1872 comitis
1225 1805 1331 1872 Oran-

92 1923 95 1929 ·
167 1915 193 1956 1⁶
211 1895 314 1976 ford1
335 1893 373 1958 in
395 1893 464 1960 rico
486 1893 601 1976 Hoiph
616 1893 698 1959 Hall
715 1915 815 1976 prope
832 1892 954 1974 Wipan
973 1893 1208 1976 (Loncashire)
1231 1915 1331 1960 asscr-

211 1989 288 2049 uata
317 2005 348 2048 a.
376 1989 471 2048 1893.
502 1982 642 2064 transiit,
673 1989 738 2048 tum
766 1983 804 2048 in
825 1983 1056 2064 possessionem
1078 1983 1225 2049 dominae
1246 1983 1333 2048 ocnit

211 2092 309 2154 qnam
331 2070 410 2136 dini.
446 2071 680 2137 Praetermissa
702 2071 840 2156 epistula
857 2071 953 2136 codcn
973 2072 1011 2136 'in
1029 2073 1178 2137 laterculo
1193 2071 1331 2152 capitum

211 2161 268 2241 fol.
296 2163 335 2224 1‘.
366 2159 500 2244 incipit:
529 2161 583 2225 IN
606 2160 794 2226 NOMINE
822 2150 911 2227 DNI
939 2161 1186 2226 INCIPIUNT
1209 2160 1331 2226 CAPI-

211 2251 335 2314 TULA
360 2251 491 2314 LIBRI
515 2249 783 2330 SEQUIINTIS,
807 2251 882 2316 olmn
898 2249 1171 2334 praescriptiones
1192 2249 1331 2333 capilum

167 2361 194 2400 20
211 2337 443 2420 desiderantur,
467 2359 566 2420 neque
588 2338 756 2421 quicquam
779 2341 915 2406 continet
933 2345 1063 2424 praeter
1085 2338 1202 2404 librum
1221 2338 1252 2402 Ι.

321 2444 508 2530 Scrr'ptnroc
523 2444 680 2528 specimen
696 2442 737 2524 (a.
754 2445 788 2528 1)
806 2446 975 2529 Oatalopus
990 2445 1192 2512 bibliothecae
1203 2445 1331 2510 mora-

126 2581 127 2584 .
212 2555 274 2599 nae
298 2530 375 2612 (tab.
395 2534 517 2617 XXI.)
542 2533 665 2599 inhibet
686 2541 758 2600 teste
780 2536 826 2600 Η.
847 2537 882 2602 J.
902 2536 1044 2618 Loulor,
1068 2534 1125 2616 qni
1143 2557 1178 2619 p.
1197 2541 1226 2598 6.
1251 2533 1331 2600 codi-

212 2643 276 2688 cem
299 2621 509 2688 minutissime
531 2622 707 2707 descripsit.

320 2729 353 2793 A
374 2729 476 2812 la...)
512 2728 617 2794 Oodea
645 2730 998 2814 Enpelberpcnsis
1030 2729 1217 2796 monasterii
1250 2751 1282 2794 n.
1311 2735 1330 2792 2

168 2839 195 2878 ss
214 2817 326 2899 (anteo
356 2840 388 2883 n.
416 2815 497 2902 lli),
526 2839 607 2883 saco.
634 2819 723 2900 XII,
753 2821 810 2899 fol.
835 2819 1047 2901 251¹-264‘,
1079 2821 1115 2885 V.
1145 2817 1332 2885 Columbani

212 2929 280 2972 nna
303 2929 373 2973 cum
402 2907 552 2972 laterculo
579 2906 718 2989 capitam
746 2907 869 2974 ecchibet
897 2915 990 2990 atque
1018 2909 1056 2972 in
1079 2907 1332 2990 praescriptione

213 2998 322 3062 cadem
351 2997 447 3061 verba
469 2997 514 3060 ad
535 2995 612 3060 libri
634 3003 792 3062 auctorem
820 2997 999 3081 spectantia
1028 2996 1230 3078 reperiuntur
1252 3016 1332 3077 qnae

212 3085 250 3149 in
273 3085 306 3149 A
328 3092 380 3166 la,
411 3083 572 3150 scilicet2:
601 3087 660 3168 qui
690 3087 733 3150 de
763 3088 835 3152 viba
865 3090 968 3170 etque
998 3086 1185 3151 virtutibus
1220 3085 1332 3149 saneti

215 3174 421 3240 Columbini
451 3174 587 3238 abbatis
618 3196 639 3238 a
662 3175 749 3240 Iona
772 3177 944 3258 quondam
972 3179 1193 3260 praeceptore
1217 3175 1331 3238 edibus

169 3281 195 3322 so
214 3266 277 3340 esb,
308 3283 406 3344 neque
434 3283 507 3326 aero
532 3283 601 3327 cum
622 3262 761 3344 pennino
783 3263 878 3327 huius
907 3261 984 3326 libri
1006 3268 1090 3326 tectu
1113 3259 1256 3327 conuenit
1277 3262 1334 3326 scd

214 3373 284 3416 cum
307 3357 452 3432 correcto,
476 3350 524 3415 ita
545 3357 581 3416 ut
602 3350 681 3430 finis
704 3373 729 3416 c.
749 3357 786 3414 17
797 3373 808 3416 .·
831 3351 1010 3430 Quomodo
1029 3352 1160 3416 bestiae
1183 3348 1331 3433 incipiat.

213 3439 347 3504 Mandis
369 3447 399 3504 et
420 3439 497 3504 libri
519 3439 551 3503 A
567 3440 621 3504 la*
645 3439 810 3505 nonnullis
832 3439 884 3505 hio
906 3441 1002 3506 codsa
1023 3439 1175 3504 immunis
1197 3444 1260 3504 est:

258 3548 359 3629 Ι,17.
385 3542 552 3632 homines]
576 3553 610 3611 A
626 3547 710 3612 lam
735 3568 805 3612 cum
827 3546 916 3628 rell.,·
939 3549 1118 3613 hominum
1141 3547 1174 3611 A
1189 3545 1257 3627 la*,·

280 3635 322 3701 ib.
385 3631 526 3721 suoque]
551 3637 584 3700 A
604 3636 688 3701 1α“*
713 3658 783 3702 cum
805 3636 894 3718 rell.,·
916 3641 953 3702 eb
976 3658 1037 3702 suo
1060 3636 1093 3700 A
1112 3635 1166 3701 lo*

169 3739 195 3781 ⁸⁶
214 3731 243 3790 et
265 3724 342 3790 libri
363 3725 397 3789 A
416 3725 486 3790 ld*
510 3723 930 3807 caretinlcrpolationibus,
960 3725 1091 3790 minime
1114 3726 1236 3792 addens
1257 3731 1335 3808 post

213 3815 358 3898 imperio
382 3811 424 3894 (c.
445 3812 502 3895 17)
525 3814 620 3878 oerba
642 3835 713 3878 non
736 3819 789 3880 est
812 3815 994 3880 silendum.

320 3919 371 3984 De
390 3920 427 3984 V.
443 3919 585 4000 Bertulfi
600 3941 680 4002 qnae
696 3927 864 4002 praetcrea
880 3919 961 3986 libro
975 3921 1059 3986 inest
1071 3943 1100 3984 o.
1116 3921 1210 4001 infra
1224 3922 1257 3985 A
1270 3923 1330 3988 1b⁹.

321 4025 469 4108 Inspexit
498 4026 537 4091 P.
566 4025 742 4109 drepanius
764 4027 897 4093 Iacober
930 4027 965 4093 Ο.
994 4028 1033 4093 N.
1063 4027 1117 4107 B,
1146 4026 1333 4092 monasterii

214 4113 480 4196 bibliothecarius,
503 4114 556 4179 air
578 4115 868 4181 reverendissimus.

169 4302 196 4342 1ο
214 4287 243 4358 1)
269 4287 310 4352 Gt.
335 4289 369 4343 Il.
396 4286 529 4355 Priebsoh,
559 4289 696 4342 ‘Deutsche
722 4289 786 4344 Hss.
813 4292 843 4342 in
870 4290 1008 4356 Euplond,
1035 4287 1185 4352 eronpcn'
1205 4288 1283 4352 1896,
1307 4287 1332 4352 Ι,

100 4407 102 4413 ,
209 4375 240 4426 p.
260 4360 311 4414 189
317 4376 328 4421 ,·
352 4360 389 4415 K.
407 4359 524 4428 Hampc,
544 4360 587 4416 ‘N
606 4359 699 4415 Arch?
718 4359 815 4427 XXII,
838 4378 868 4428 p.
887 4361 947 4415 699.
1026 4357 1055 4427 2)
1075 4359 1117 4422 Cf.
1136 4357 1169 4410 B.
1190 4357 1331 4425 Gottwald,

215 4430 361 4496 Omalcpus
378 4430 497 4483 codicum
515 4447 577 4488 mss.
596 4431 856 4498 Enpdbcrpensc'nm,
877 4432 955 4494 1891,
969 4446 1000 4496 p.
1013 4431 1037 4483 6.
1059 4430 1100 4484 ll.
