3222 5030
411 459 538 530 IONAS,
549 459 671 514 VITAE
689 459 919 516 ΟΟΙιΠΜΒΔΝΙ
935 459 1045 516 LIBRI
1062 461 1101 518 H.
1281 467 1315 520 37

200 647 284 708 inter
325 641 521 708 Germaniae
555 643 690 723 populos
726 648 945 723 numerantur,
984 642 1162 708 incolebant
1191 643 1316 724 partim

199 730 360 812 baeretici,
391 729 510 796 scilicet
537 729 671 795 Plotini
694 729 883 796 Sirmiensis
912 737 969 796 aut
993 730 1117 796 Bonosi
1140 732 1316 798 Narsitani

200 819 363 886 erroribus
391 818 499 900 dediti,
530 817 591 884 alii
613 819 751 902 paqani.
802 818 922 900 Quibus
951 821 996 888 ad
1021 821 1117 900 fidem
1146 820 1314 902 conuersis,

201 931 270 975 eum
294 908 406 974 Suebis
428 907 579 989 moqister
601 907 797 988 eoonqelinm
819 907 1039 989 praedicasset
1060 908 1222 990 sociusque
1248 909 1317 974 eins

168 1025 181 1064 s
206 998 321 1064 Gallus
343 997 380 1060 in
402 1017 437 1061 eo
455 995 577 1078 nepotio
594 995 786 1077 persisteret,
809 996 879 1080 ipse
900 997 988 1062 ultra
1006 1017 1058 1062 eos
1080 999 1124 1061 ad
1140 997 1318 1062 Baioarios

202 1085 330 1151 tetendit
362 1085 519 1166 multoque
548 1085 654 1150 labore
676 1085 837 1166 plurimos
865 1106 973 1150 eornm
1008 1085 1199 1150 christianos
1232 1085 1316 1165 feeit.

208 1175 273 1242 Ubi
295 1173 496 1256 aliquamdiu
518 1179 670 1254 uersatus,
694 1173 814 1238 relictis
839 1173 922 1238 ciris
950 1173 1126 1256 saqocibus,
1156 1173 1223 1256 qui‘
1241 1195 1318 1255 opus

201 1265 358 1345 inceptum
387 1261 618 1344 continuarent,
649 1261 828 1326 [tunorium
857 1261 963 1326 rediit.
1016 1261 1072 1328 Ibi
1100 1264 1237 1344 enemplo
1265 1261 1318 1328 Oo-

203 1351 346 1416 lnmbani
362 1357 427 1420 tam
442 1350 611 1416 monachos
626 1371 721 1432 qnam
736 1349 858 1414 ricinos
873 1351 918 1416 ad
932 1351 1128 1432 peculiarem
1144 1352 1319 1416 Scottorum

157 1439 386 1523 10paenitendi
407 1441 534 1504 modum
557 1438 695 1503 crocitare
718 1440 860 1504 studebat
881 1439 1051 1520 multosque
1073 1439 1231 1518 facundia
1260 1461 1320 1504 sua

204 1528 374 1608 erudiebat,
406 1527 462 1610 qui
484 1533 597 1609 postea
626 1529 713 1594 sedes
742 1527 931 1609 episcopales
953 1527 1060 1594 meriti
1089 1535 1172 1609 snrrt,
1203 1528 1321 1593 scilicet

209 1616 433 1700 Obaqnoaldns
454 1615 641 1682 Columboni
663 1617 822 1698 qnondam
844 1615 991 1681 minister
1013 1617 1166 1698 Isupdnni
1186 1615 1319 1697 Odenati,

203 1705 369 1772 Actorius
391 1705 658 1770 Viromandorum
682 1711 711 1769 66
734 1704 884 1769 Noviomi
906 1711 936 1770 66
957 1705 1105 1787 Tornaei,
1129 1705 1320 1788 166966666-

204 1795 274 1859 rins
289 1795 452 1876 Auqnstae
467 1793 692 1858 Rauracorum
714 1800 744 1857 66
756 1793 917 1874 Basileae,
933 1793 1137 1859 Andemarns
1151 1793 1322 1860 Bononiae
1420 1867 1422 1871 ⁸

159 1910 185 1949 15
205 1891 233 1949 et
260 1885 430 1948 Tarconae
453 1881 639 1964 oppidorum
662 1881 808 1963 episcopi.
860 1881 939 1947 Cum
961 1881 1062 1964 iqitnr
1083 1882 1232 1948 instituta
1257 1903 1321 1947 mo-

203 1971 298 2056 qistri
321 1992 416 2052 quam
438 1969 589 2035 menimis
611 1969 735 2034 uiribus
751 1977 948 2052 prapaparet
969 1977 999 2036 et
1020 1992 1085 2035 non
1107 1972 1207 2036 solum
1236 1973 1323 2052 opud

205 2061 408 2126 Francorum
431 2079 594 2140 proceres,
626 2061 681 2124 sed
709 2057 804 2123 etiam
833 2061 921 2141 apud
948 2080 1051 2141 repam
1080 2059 1196 2124 bonore
1230 2066 1322 2140 atque

206 2148 406 2214 veneratione
442 2148 614 2228 frueretur,
653 2146 823 2212 diuersitas
859 2147 942 2212 ritus
979 2147 1137 2230 episcopos
1177 2147 1322 2213 ecclesiae

212 2237 401 2304 Gallicanae
439 2239 483 2302 ad
519 2257 633 2300 norum
670 2236 935 2318 vehementemque
971 2236 1120 2318 impetum
1157 2235 1321 2317 incitabat,

160 2355 188 2392 20
207 2326 319 2408 quibus
356 2347 394 2390 66
438 2325 541 2406 ipsius
578 2324 743 2389 monacbis
780 2324 884 2389 socius
921 2325 1135 2406 optatissimus
1172 2325 1322 2390 surremit.

207 2413 375 2496 Aprestins
390 2421 560 2496 postquam
582 2415 669 2494 apud
687 2413 915 2479 Theodericum
937 2434 1040 2496 reqem
1060 2414 1180 2478 notarii
1195 2435 1324 2480 munere

207 2504 336 2583 functus
369 2509 429 2583 est,
465 2501 698 2584 compunctione
731 2503 871 2584 quadam
907 2509 1009 2568 tactus
1042 2502 1221 2568 Lnuooium
1252 2523 1324 2586 per·

207 2598 335 2658 uenerat
364 2598 455 2672 atque
484 2613 517 2656 se
546 2611 666 2672 suaque
695 2590 803 2656 omnia
832 2590 986 2656 Ibnstasio
1010 2590 1102 2672 patri
1135 2591 1323 2658 tradiderat.

213 2681 273 2762 Qui
296 2702 366 2745 cum
387 2679 528 2761 pentinm
544 2679 751 2761 praedicator
773 2701 838 2744 esse
863 2681 953 2744 uellet
980 2701 1078 2762 neque
1107 2679 1143 2744 in
1172 2680 1325 2763 reliqione

163 2795 189 2834 ss
208 2769 287 2835 satis
314 2768 511 2851 profecisset,
545 2767 693 2832 idoneum
722 2768 766 2832 ad
797 2769 859 2833 tale
893 2789 970 2849 opus
1002 2790 1072 2833 eum
1100 2768 1232 2834 minime
1261 2791 1325 2834 esse

90 2866 93 2872 '
208 2860 306 2924 abbas
323 2857 511 2922 existimans
526 2877 710 2922 eonsensum
725 2857 804 2921 dare
821 2857 942 2938 noluit,·
954 2857 1152 2938 pertinacem
1166 2879 1239 2923 cero
1253 2858 1324 2923 reti·

208 2969 282 3012 nere
301 2945 458 3028 nequibat.
492 2945 604 3010 Primo
622 2945 676 3010 ille
694 2946 739 3010 ad
752 2944 929 3010 Baioarios
943 2967 1139 3027 propressus,
1156 2947 1325 3028 paululum

209 3037 295 3116 opud
322 3055 373 3099 eos
405 3041 548 3100 moratus
581 3041 633 3116 est,
669 3033 782 3100 deinde
810 3033 994 3116 Aquileiam
1029 3033 1169 3098 transiit.
1226 3035 1325 3116 Aqui-

209 3124 339 3188 leienses
362 3146 383 3188 a
413 3121 629 3188 communione
658 3121 742 3188 sedis
771 3121 960 3204 apostolicae
989 3121 1087 3186 trium
1116 3122 1325 3203 capitulorum

162 3239 190 3278 so
209 3211 402 3294 quaestionis
426 3233 524 3276 eausa
546 3232 579 3276 se
608 3232 772 3292 separasse
801 3232 900 3292 snpra
931 3210 1177 3290 cornmemorooi,
1207 3231 1325 3274 eorum·

208 3322 267 3383 qne
286 3299 435 3384 portibus
457 3299 626 3381 Aprestius
649 3298 803 3380 odlcaesit,
828 3298 994 3380 epistulam
1017 3319 1134 3363 ueneno
1164 3297 1325 3362 conuiciis-

208 3410 267 3470 que
289 3389 421 3470 plenam
455 3391 500 3454 ad
528 3389 682 3452 Atlolam
710 3387 906 3454 conscribens
935 3389 1075 3467 eandem,
1107 3386 1197 3452 ouius
1226 3407 1326 3468 supra

126 3476 130 3483 ’
208 3477 348 3542 memini.
401 3476 581 3542 Lunouinm
610 3497 768 3556 reuersus,
804 3498 874 3540 cum
908 3475 1070 3542 doctrinas
1099 3497 1175 3541 suas
1199 3478 1326 3558 profite-

208 3573 304 3646 retur,
329 3566 369 3630 ab
392 3565 545 3630 Eustasio
563 3564 671 3647 primo
694 3564 884 3646 admonitus,
915 3565 1028 3630 deinde
1051 3586 1121 3630 cum
1143 3565 1327 3648 resipiscere

164 3679 189 3719 ss
209 3655 311 3735 nollet,
348 3676 369 3717 a
384 3648 529 3740 ''eollepio
563 3660 742 3736 seqreqatus
775 3659 828 3720 est.
876 3655 951 3718 Iam
979 3674 1041 3736 per
1062 3655 1237 3719 Abelennm
1266 3655 1326 3736 cpi-

209 3764 333 3824 scopum
353 3742 569 3808 Genaoensem
589 3745 634 3807 ad
655 3742 868 3824 episcoporum
885 3742 1061 3809 societatem
1080 3742 1218 3824 occessit,
1242 3742 1327 3823 iique

209 3831 368 3896 coniuncti
391 3833 478 3913 apud
498 3827 720 3896 Oblotlcarinm
741 3831 900 3913 conquesti
921 3838 1004 3913 sunt,
1028 3831 1142 3912 quibus
1164 3831 1327 3912 quantisve

208 3919 358 3984 molestiis
368 3941 429 4001 per
439 3925 605 3984 sectatores
620 3919 785 4002 reliqionis
799 3921 985 4002 repulaeque
1000 3919 1187 3984 Columbani
1198 3919 1328 3984 ecelesia

209 4011 399 4074 turbaretur.
446 4009 517 4073 Reae
547 4015 650 4074 autem
680 4011 725 4074 ad
753 4030 882 4074 causam
912 4007 1161 4073 epaminondam
1188 4007 1327 4071 deciden-

164 4122 190 4160 co
209 4099 342 4178 dariique
364 4097 517 4180 spnodnm
541 4097 707 4163 conuocari
728 4096 830 4178 iussit,
861 4103 897 4162 ut
917 4097 1043 4161 tandem
1066 4095 1241 4176 aliqnando
1259 4113 1328 4174 pac

209 4185 355 4250 ecclesiae
369 4192 587 4269 repararetur.
623 4187 736 4266 Itaque
748 4185 884 4267 episcopi
892 4183 1114 4267 Bnrqundiae,
1125 4183 1328 4263 praesidente

214 4272 336 4338 Trelico
358 4273 577 4356 Impdunensi,
609 4273 771 4338 assistente
800 4271 1039 4339 Warnaelcario
1068 4270 1189 4334 maiore
1219 4271 1328 4334 danus

209 4362 358 4426 Eustasii
380 4361 576 4442 aduersario,
607 4363 710 4426 eodem
733 4382 793 4442 quo
816 4360 983 4426 concilium
1012 4357 1233 4440 Olippiacense
1256 4358 1327 4422 cel·

210 4453 333 4515 brutum
363 4457 409 4516 est
431 4470 518 4516 anno
543 4449 686 4514 XLIII.
710 4449 804 4531 repis,
838 4449 860 4512 i.
884 4470 909 4512 6.
934 4469 965 4511 6.
986 4446 1096 4526 osolt.
1116 4466 1150 4525 p.
1180 4444 1267 4526 our,
1291 4446 1328 4511 in
