3222 5030
267 479 287 534 4
481 473 608 544 IONAS,
621 471 741 532 VITAE
761 470 989 530 COLUMBANI
1006 473 1116 530 LIBRI
1134 473 1174 533 H.

270 659 364 726 butem
391 659 634 742 praedicabant,
670 677 861 740 quocumque
888 657 1126 739 perveniebant.
1177 657 1394 725 Columbauus

269 770 339 814 cum
358 755 466 831 pentes
495 769 527 813 ss
558 745 761 812 visitaturum
784 747 889 828 eisque
910 746 1108 829 euanqelium
1124 747 1389 830 praedicaturum

269 837 430 919 vovisset1,
462 843 568 902 tamen
589 836 721 900 salutem
744 836 809 901 scri
831 857 895 900 non
915 855 1009 917 posse
1031 834 1186 900 intellsvit
1207 836 1274 901 nisi
1297 837 1389 902 certis

269 926 428 992 collocatis
462 923 641 991 domiciliis.
687 924 901 1004 Manifestum
933 923 1019 989 enim
1052 931 1123 989 erat
1150 925 1389 1008 pereqrinantis

262 1015 537 1098 praedicationem
565 1012 707 1091 effectum
735 1012 917 1094 promereri
945 1033 1066 1094 parum
1094 1013 1247 1095 stabilem,
1282 1029 1425 1096 quam-s

269 1124 365 1185 quam
379 1125 418 1169 ea
433 1123 514 1185 quae
522 1101 734 1184 praedicabat
742 1100 880 1186 proprio
889 1121 1010 1183 quoque
1021 1103 1158 1184 exemplo
1169 1105 1387 1183 couplrraabat.

276 1193 376 1258 Urbes
399 1198 512 1274 autern,
540 1211 621 1272 quae
643 1191 688 1254 ad
709 1211 808 1255 novas
830 1189 1021 1271 disciplinas
1045 1193 1275 1274 propaqandas
1296 1192 1389 1258 leodic

268 1280 398 1346 msitari
420 1281 527 1361 solent,
558 1278 762 1361 contemptori
791 1278 887 1344 buius
908 1277 1022 1365 mundi
1043 1299 1142 1360 neque
1164 1280 1391 1346 conveniebant

269 1389 368 1450 neque
385 1375 516 1451 propter
537 1367 695 1450 episcopos
718 1368 872 1450 patebant
892 1387 932 1432 ea
953 1367 1069 1449 causis,
1098 1371 1137 1433 de
1158 1369 1272 1452 quibus
1293 1369 1389 1449 infra

269 1457 488 1523 disserendam
510 1464 563 1538 est,
587 1459 643 1522 scd
660 1455 774 1522 deserti
792 1456 880 1538 quies
895 1455 925 1521 ei
940 1455 996 1538 qui
1010 1457 1133 1522 saeculo
1148 1457 1390 1524 renuntiaverat
1407 1472 1438 1526 ιο·

269 1546 378 1630 aptius
400 1545 546 1629 stipenda
567 1552 646 1627 crat,
669 1551 705 1609 ut
718 1546 856 1627 eaeuvplo
871 1551 901 1609 et
914 1565 1007 1628 opere
1021 1551 1187 1612 sectatores
1202 1546 1386 1630 acquireret,

256 1655 326 1701 nec
340 1635 444 1716 ipsum
459 1655 526 1700 rem
536 1634 688 1714 fefellisse
703 1655 742 1699 sa
756 1633 867 1713 effectu
878 1633 984 1716 colliqi
993 1639 1104 1716 potest.
1131 1633 1241 1717 Iqitur
1254 1635 1292 1700 iu
1302 1635 1388 1701 Bur·

267 1724 423 1807 pundiam
439 1724 603 1806 profectus
618 1722 911 1805 pereprinationem
932 1744 1025 1787 suam
1045 1722 1220 1806 interrupit
1241 1731 1333 1806 atque
1350 1724 1389 1790 in

269 1833 371 1878 cremo
394 1812 512 1895 Vosaqi
533 1812 650 1876 montis
671 1833 759 1877 anno
782 1817 857 1876 591.
882 1811 994 1876 cellula
1016 1815 1215 1878 constructa²
1238 1813 1386 1895 consedit,

268 1901 388 1967 scilicet
409 1901 446 1967 iu
462 1908 564 1966 castro
583 1901 658 1966 olim
676 1900 783 1966 diruto
798 1900 850 1966 cui
867 1921 981 1965 novun
996 1907 1067 1966 erat
1080 1902 1287 1983 Anaqrates⁸
1300 1903 1390 1968 leand
1407 1929 1438 1970 m

262 1990 379 2073 procul
396 2013 417 2055 u
431 1989 552 2070 fluibus
568 1989 750 2070 Succorum,
774 1989 830 2072 qui
848 1989 1075 2055 latrocinantes
1093 2011 1190 2072 usque
1212 1990 1249 2055 iu
1267 2012 1305 2055 ea
1320 1992 1389 2056 loca

261 2078 580 2162 propredicbautur4.
625 2078 721 2145 Cibus
743 2077 782 2144 iu
800 2078 877 2144 locis
898 2078 1022 2160 asperis
1039 2100 1078 2144 ac
1100 2079 1272 2160 scopulosis
1293 2079 1388 2144 initio

268 2167 348 2232 satis
377 2168 482 2232 tenuis
510 2174 587 2248 erat,
617 2167 736 2232 scilicet
765 2167 893 2232 cortices
919 2169 1069 2232 arborum
1092 2168 1265 2250 herbasque
1287 2169 1389 2233 saltus

269 2262 298 2320 et
319 2255 472 2338 inprimis
498 2255 641 2336 parmula
669 2255 729 2319 illa
752 2276 859 2337 ponsa,
894 2276 975 2336 quae
1000 2255 1132 2334 frutices
1154 2257 1287 2338 rubique
1309 2257 1388 2336 fcre-

269 2345 346 2408 bant
360 2364 500 2425 quaeque
516 2343 660 2424 bulluqas
674 2343 766 2425 oulqo
779 2344 984 2424 appellabant
993 2344 1024 2424 ⁵,·
1046 2346 1102 2408 sed
1118 2343 1230 2426 inopia
1244 2345 1388 2411 mauima
1406 2374 1439 2432 oo

268 2432 417 2514 instante,
441 2431 511 2514 piis
533 2430 831 2514 pereqrinatoribus
859 2430 959 2497 cicini
981 2433 1091 2511 fideles
1113 2432 1265 2499 alimenta
1288 2455 1387 2500 neces-
1430 2445 1433 2452 ⁴

268 2521 361 2586 saria
391 2520 491 2602 equis·
507 2519 687 2585 volentibus
716 2519 902 2600 afferebant,
936 2520 1019 2585 uelut
1043 2519 1264 2588 Θανααίοααε6
1290 2523 1388 2588 abbas

268 2609 456 2674 monosterii
479 2609 599 2674 Salicis
620 2607 649 2673 et
670 2607 737 2690 ipse
760 2607 950 2690 alicniqeua,
977 2608 1096 2675 scilicet
1117 2609 1225 2676 Britto
1237 2611 1256 2676 ⁷.
1309 2610 1388 2677 &rm

269 2719 374 2763 munes
390 2719 493 2780 parco
516 2697 583 2762 cibo
606 2699 671 2761 aut
683 2697 770 2776 fame
793 2717 921 2762 carnem
940 2698 1170 2781 uoluptatesque
1193 2707 1390 2765 contererent

267 2783 397 2868 Deoque
418 2786 612 2866 mortificata
626 2787 766 2851 membra
781 2783 941 2868 offerrent,
965 2793 1070 2853 tomen
1090 2788 1302 2854 Columbauus
1319 2787 1388 2870 ipse
1405 2818 1437 2859 ss

268 2875 372 2940 adbuc
394 2874 580 2940 severiorem
602 2874 686 2939 vitae
708 2874 865 2940 rationem
887 2874 1059 2958 impressus,
1088 2877 1196 2942 dicbus
1219 2877 1388 2942 dominicis

267 2963 403 3044 aliisque
425 2963 516 3042 festis
534 2963 871 3046 appropinquantibus,
895 2967 933 3029 de
950 2964 1056 3030 media
1070 2966 1228 3030 sodalium
1242 2965 1387 3032 societate

266 3053 428 3117 recedebat
456 3058 548 3134 atque
577 3052 614 3117 iu
640 3059 790 3118 secretam
819 3053 916 3118 eremi
943 3075 1069 3138 specum
1098 3075 1131 3119 se
1153 3055 1324 3136 recipiebat
1346 3055 1386 3121 ab

266 3141 434 3224 Auaprate
457 3141 544 3206 circu
566 3147 678 3224 septem
701 3141 794 3206 milia
817 3141 995 3224 distantem,
1019 3149 1055 3207 ut
1069 3145 1185 3225 absque
1200 3143 1286 3210 curis
1301 3145 1387 3209 solus

265 3229 386 3294 ieiunio
420 3229 617 3312 orationique
655 3237 783 3296 vocaret
818 3231 1027 3315 reliqiouique
1065 3253 1097 3298 se
1135 3233 1278 3314 dederet,·
1316 3253 1386 3298 cum
1403 3262 1436 3304 a>
1532 3291 1534 3295 .

265 3319 424 3398 fratribus
447 3323 550 3383 autem
573 3320 789 3386 commercium
806 3341 869 3403 per
890 3321 1074 3387 ministrum
1089 3321 1145 3404 qui
1166 3321 1272 3403 ipsum
1295 3321 1385 3387 comi·

265 3409 393 3472 tabatur
407 3407 616 3473 Domoalem8
638 3409 765 3475 nemim
788 3413 957 3476 censebat.
996 3411 1042 3474 In
1060 3410 1192 3476 saltibus
1209 3409 1294 3475 aviis
1314 3431 1385 3476 cum

264 3495 346 3575 feris
369 3517 460 3579 saepe
483 3496 742 3579 conprediebatur
764 3519 863 3580 neque
881 3519 954 3564 oero
972 3500 1020 3563 vel
1038 3497 1223 3579 rapaciores
1246 3498 1276 3562 ei
1298 3518 1384 3563 uoce·

264 3583 348 3666 baut,
379 3587 435 3650 secl
457 3585 512 3668 qui
534 3607 636 3668 prope
657 3609 766 3668 specus
788 3607 869 3669 quas
890 3587 1095 3668 frequentare
1118 3586 1236 3650 solebat
1257 3605 1384 3650 commo·

262 3675 421 3738 rabuntur
442 3674 514 3739 ursi
537 3675 663 3757 lupique
680 3675 784 3757 ipsius
800 3675 898 3740 iussis
913 3674 1023 3756 potius
1041 3673 1284 3755 oboediebant⁹,·
1306 3673 1383 3739 ami·
1401 3705 1435 3747 3⁶

263 3760 387 3826 sissimo
409 3763 494 3828 enim
517 3785 586 3829 cum
605 3763 712 3829 bestiis
726 3763 922 3829 silvestribus
936 3762 1053 3828 ciuisse
1074 3761 1208 3842 uidetur,
1232 3761 1385 3828 adonius

262 3849 431 3931 imperimn
461 3853 552 3932 ferae
574 3873 706 3934 avesque
729 3857 861 3917 testante
889 3850 1098 3934 Obaqnoaldo
1120 3849 1268 3916 ministro
1291 3851 1383 3918 disci-

255 3939 394 4021 puloque
427 3939 534 4006 statim
567 3940 720 4021 uenerint,
754 3961 835 4021 quas
867 3961 968 4004 mauu
997 3938 1166 4006 blandiens
1188 3942 1381 4026 attrectabat,

261 4167 289 4234 1)
309 4167 467 4219 Columbom'
485 4182 523 4234 ep.
542 4166 594 4231 IV,
613 4165 677 4220 Md.
697 4166 750 4232 Ep.
769 4166 826 4232 III,
840 4183 870 4234 p.
885 4167 945 4222 167.
1016 4166 1046 4238 2)
1067 4168 1110 4233 Of.
1126 4168 1158 4225 l'.
1177 4169 1381 4238 Oolumb.1',8:

260 4238 371 4291 secessit
395 4255 411 4290 a
436 4237 543 4292 cellule.
615 4237 643 4307 3)
668 4237 709 4292 Ib.
728 4237 753 4304 I,
773 4239 797 4292 6.
876 4238 905 4305 4)
925 4237 966 4293 ib.
985 4237 1009 4306 I,
1028 4241 1054 4296 8.
1134 4240 1324 4310 5)1o.1,9,·
1346 4244 1435 4306 ema

260 4323 280 4362 c.
294 4311 337 4363 27.
411 4308 437 4379 6)
458 4309 496 4364 1b.
516 4309 577 4374 Ι,7.
649 4311 676 4376 l)
697 4310 737 4362 De
754 4311 812 4362 eius
828 4311 934 4362 noumn
949 4327 974 4365 v.
992 4311 1112 4364 Ztusmsr
1126 4313 1204 4382 aptast
1221 4313 1256 4367 A.
1272 4311 1379 4379 fluum,

258 4379 472 4502 ‘Issircheuqescm
492 4380 698 4433 Ductscblands’
714 4379 831 4448 qussi
909 4381 939 4451 8)
959 4381 990 4439 V.
1010 4383 1125 4440 Columb.
1144 4384 1207 4448 Le.
1285 4383 1314 4450 9)
1338 4379 1382 4437 lb.

275 4452 326 4517 ,8.
344 4453 387 4506 27.
