3222 5030
411 479 538 550 -IONAS,
555 479 674 535 VITAE
694 480 922 536 GOLUMBANI
940 481 1049 537 LIBRI
1067 483 1107 541 H.
1285 488 1321 542 13

197 663 248 728 illi
270 663 470 816 fruebantur.
514 663 750 730 ΤΙιιιιιΙιιιίιιι1
772 665 857 730 enim
879 685 937 729 ren
958 665 1173 748 Burpundiae
1196 673 1321 732 tantum

198 754 361 833 aberatu
363 751 466 816 tuiro
489 752 629 818 sancto
615 753 759 818 iniurias
775 753 951 833 inserens
937 775 1024 818 iram
1039 755 1105 820 Dei
1121 764 1318 838 provacaret,

197 848 233 906 ut
255 803 367 906 coritra
396 840 614 922 frequenter
601 863 704 923 ipsum
727 841 863 906 visitans
886 843 1046 908 orationes
1069 844 1136 908 eius
1157 845 1284 910 bumilit
1258 851 1320 910 iter

198 930 340 996 ambiret.
380 929 459 1013 Ipso
482 929 566 994 enim
588 929 827 996 intercedent‘e
768 937 851 995 ten
865 952 997 1013 reanum
1013 933 1171 997 caelorum
1192 933 1319 999 intrare

164 1019 362 1101 scopitabat,
397 1039 492 1099 quam
521 1019 659 1083 uranime
686 1020 875 1102 pratulatus,
911 1026 976 1084 tam
1010 1021 1172 1101 efficacem
1194 1043 1319 1087 seruum

197 1107 262 1172 Dei
296 1107 334 1172 in
363 1107 484 1187 tinibus
512 1107 580 1172 suis
610 1108 793 1173 consedisse.
839 1107 976 1174 Interim
1008 1109 1107 1175 eitam
1141 1111 1319 1192 anpelicam

196 1195 327 1261 minime
349 1197 486 1279 deperat,
503 1196 704 1280 peccatisque
721 1197 891 1262 contractis
905 1197 995 1262 baud
1013 1199 1137 1281 paucis,
1161 1200 1199 1264 de
1216 1200 1319 1264 salute

196 1306 256 1350 sua
276 1306 380 1369 paene
402 1287 571 1369 desperare
586 1291 726 1369 poterat.
765 1286 849 1350 Inde
871 1307 910 1350 ca
932 1293 1045 1368 quarto
1062 1287 1181 1352 decirm
1204 1287 1319 1353 aetatis

197 1396 284 1440 aurio
299 1380 474 1456 quattuore
489 1373 672 1439 concubinis
682 1374 769 1454 silias
777 1381 932 1457 penderat
945 1375 1149 1458 ultimumque
1161 1399 1191 1441 a.
1203 1373 1315 1460 606l7.

151 1484 229 1547 1op.
251 1463 330 1528 Olor.
375 1462 587 1528 Oolumbanus
609 1484 712 1545 repom
734 1484 767 1528 se
789 1464 1039 1545 frequentantem
1063 1465 1211 1530 laeuum
1233 1466 1317 1530 cele

195 1551 388 1617 meritissime
402 1551 596 1633 increpabat,
621 1553 803 1633 admonens,
826 1559 863 1617 ut
884 1552 1022 1635 lepitimo
1037 1553 1149 1637 patius
1171 1554 1317 1636 ooniapio

197 1647 355 1706 matrasta
378 1661 416 1705 en
436 1640 617 1706 banarabili
632 1639 746 1724 repina
761 1641 876 1706 liberos
894 1649 1087 1726 procrearet.
1126 1642 1317 1727 Disu'pulus

196 1729 345 1812 maaistri
361 1729 542 1813 praeceptis
565 1731 782 1814 obtemperans
803 1751 836 1794 se
855 1729 893 1795 id
906 1731 1067 1810 saetarum
1082 1753 1148 1796 esse
1164 1731 1319 1816 premisit

190 1818 421 1903 promissisque
443 1818 534 1900 stetit,
560 1840 636 1883 nam
653 1820 913 1902 Ermenberpam,
937 1819 1042 1899 liliam
1056 1819 1210 1886 Betteriei
1231 1821 1317 1903 repis

150 1928 177 1967 ιι
203 1908 459 1990 Wisipatbarum,
475 1928 548 1971 mon
562 1907 600 1972 in
614 1907 853 1973 matrimonium
869 1907 991 1973 dauit2.
1029 1908 1158 1990 Repina
1175 1909 1316 1992 lepitima

194 1996 232 2062 in
262 1995 428 2081 palatium
464 1995 659 2078 introducta,
699 2017 737 2062 ea
774 2017 870 2078 qaam
907 1997 1137 2062 Bruneabildis
1173 1998 1250 2063 auia
1287 2005 1317 2063 et

200 2086 332 2151 Teudila
363 2105 453 2150 soror
482 2086 571 2169 apud
598 2106 702 2167 repom
731 2106 765 2150 eo
794 2106 892 2167 usqne
919 2085 1122 2150 obtinuerant
1142 2086 1338 2158 auctoritas,

191 2174 445 2258 periclitabatur,
462 2194 561 2255 quare
572 2181 706 2255 utraque
720 2174 827 2259 ipsam
841 2173 982 2238 inuisam
992 2176 1123 2240 recidere
1138 2175 1313 2240 laborabat.

195 2264 368 2329 Praeterea
390 2284 486 2345 qnam
506 2262 719 2328 Columbanus
741 2264 876 2328 babebat
895 2262 944 2327 uis
966 2263 1151 2346 franpenda
1173 2271 1251 2345 crat,
1275 2286 1315 2329 ne

146 2373 176 2411 ιο
194 2373 252 2418 ren
281 2352 421 2436 amplius
449 2352 596 2417 secundis
628 2351 762 2417 auribus
790 2351 946 2436 acciperet
970 2351 1109 2417 manitus
1132 2353 1313 2418 *salutares
1333 2366 1399 2416 ‘nn

197 2441 334 2507 Sanetus
356 2447 460 2507 autem
489 2440 557 2524 ipse
580 2440 838 2506 adversariarum
861 2442 985 2506 labores
1007 2441 1079 2507 tatis
1100 2441 1223 2508 uiribus
1239 2463 1313 2524 pra-

193 2531 341 2612 mouebat,
364 2529 672 2612 importunissimum
689 2529 727 2594 in
739 2551 840 2612 penus
854 2529 976 2612 repium
991 2530 1118 2612 passim
1137 2552 1169 2596 se
1189 2551 1312 2613 parens.

194 2619 300 2684 Filios
322 2619 407 2684 enim
429 2619 514 2702 repis
532 2641 554 2684 a
571 2618 788 2684 Brunecbilde
808 2621 979 2702 productos
1001 2619 1180 2685 benedicere
1202 2620 1312 2701 naluit,

193 2709 286 2791 quasi
309 2731 324 2774 e
348 2707 560 2790 lupanaribus
582 2707 788 2773 emersissent.
835 2706 925 2775 Unde
948 2715 1099 2773 commota
1121 2708 1235 2791 regrina
1257 2709 1313 2772 im·

146 2817 174 2857 ιι
186 2797 326 2882 peracit,
357 2819 397 2862 ne
426 2796 590 2862 monacbis
617 2803 710 2862 entra
738 2796 966 2862 monasterium
998 2797 1061 2861 iter
1083 2804 1210 2881 pateret
1238 2819 1314 2862 neue

192 2886 345 2952 subsidiis
360 2909 381 2951 a
396 2885 513 2951 ricinis
528 2887 752 2950 relevarentur.
793 2887 884 2968 Quod
896 2892 932 2950 nt
946 2887 1106 2951 tolleretur
1115 2889 1311 2968 mandatum,

199 2975 411 3040 Columbanus
434 2975 479 3040 ad
499 2995 602 3057 repem
625 2977 713 3056 apud
735 2974 895 3056 Spissiam
916 2974 972 3038 oill
961 2976 1026 3040 lan
1050 2975 1215 3057 publicam
1236 2976 1313 3040 resi·

193 3065 314 3129 dentem
348 3085 380 3129 se
415 3070 486 3129 corut
474 3063 545 3128 tulit
581 3085 680 3145 neque
717 3084 790 3128 vero
826 3064 926 3128 ullam
964 3063 1032 3164 eius
1069 3064 1172 3145 baspit
1160 3063 1313 3129 ltaitatem

193 3153 408 3237 aceepittsed
430 3158 620 3236 contemptor
640 3151 767 3234 aradae
795 3151 903 3234 repiae
932 3152 1021 3217 cnuti
1022 3151 1314 3217 tNibilomiuus

146 3263 174 3304 so
192 3262 250 3306 ren
268 3241 453 3342 praesepiis
476 3240 664 3322 quibusdam
686 3240 792 3320 futuri
816 3239 956 3323 periculi
978 3158 1146 3305 cariimotns
1167 3247 1312 3305 sanctum

191 3330 295 3412 ipsum
311 3353 379 3396 eum
396 3329 473 3396 aeia
487 3329 639 3410 uisitauit,
657 3329 784 3394 ueniam
793 3335 964 3412 petiturus
1001 3330 1065 3394 Sed
1078 3350 1151 3393 marc
1165 3329 1312 3411 neglectis

191 3419 272 3484 rotis
293 3419 362 3484 suis
384 3421 496 3484 adt
449 3418 496 3483 eit
495 3439 548 3482 um
563 3418 711 3502 priorem
733 3417 838 3497 rediit,
818 3424 1008 3518 tanneque
1030 3424 1106 3504 post
1129 3415 1173 3500 (a.
1191 3416 1311 3500 607t8)

190 3509 441 3591 Ermenberpam
480 3506 639 3572 thesauris
676 3469 846 3592 spoliatam
882 3505 920 3571 in
953 3506 1141 3592 Hispanias
1178 3508 1310 3573 remisit.

195 3597 315 3679 Quibus
342 3597 471 3678 auditis,
501 3596 714 3662 Oolumbanus
743 3596 866 3661 litteras
887 3595 1052 3662 minarum
1074 3596 1177 3662 uerbis
1194 3598 1313 3680 plenas

143 3707 172 3748 ss
190 3687 235 3751 ad
256 3707 359 3768 repen
382 3686 476 3767 dedit,
506 3685 857 3752 encornmunicationem
879 3685 1096 3766 comminatus,
1127 3686 1157 3751 si
1178 3693 1312 3770 peccata

190 3777 357 3840 emendare
380 3774 533 3854 differret.

297 3863 436 3929 Interim
459 3863 586 3928 diuersa
610 3863 780 3948 pascbatis
807 3864 1013 3929 celebratione
1035 3864 1183 3930 ecclesiae
1210 3865 1311 3930 Galli-

189 3975 290 4019 canae
312 3959 415 4018 status
437 3955 515 4018 adea
531 3955 793 4037 perturbabatur,
817 3959 852 4016 ut
874 3952 1044 4018 uidendum
1067 3961 1153 4035 esset,
1177 3975 1216 4018 ne
1234 3953 1313 4035 quid

188 4042 391 4126 respublica
415 4041 594 4108 detrimenti
617 4048 747 4123 caperet,
779 4061 907 4122 eumque
936 4044 976 4106 ab
1007 4042 1162 4126 episcopis
1189 4042 1310 4108 Uolum·

48 4203 51 4211 ¹
138 4154 170 4193 ιο
189 4133 292 4196 banus
320 4131 388 4196 iam
416 4133 538 4197 delatus
567 4137 652 4212 esset,
684 4137 845 4212 tamquam
875 4132 914 4196 ab
945 4130 1091 4195 ecclesiae
1119 4131 1311 4196 Gallicanae

187 4220 328 4284 moribus
351 4219 540 4302 descisceret,
570 4240 627 4284 ren
655 4219 725 4304 ipse
746 4218 927 4285 ercauium
950 4218 1117 4301 proticisci
1140 4218 1309 4300 constitnit,

187 4316 223 4374 ut
251 4308 436 4391 relipianem
465 4308 568 4390 ipsius
596 4308 804 4374 cnarninaret.
852 4305 1088 4372 Manasterium
1121 4306 1311 4371 visitaturus

188 4465 216 4534 1)
238 4465 269 4520 V.
287 4465 402 4520 Calumb.
417 4465 442 4532 I,
457 4467 498 4522 18.
571 4466 598 4531 2)
616 4463 697 4519 Fred.
714 4465 733 4516 I
737 4465 768 4530 V,
780 4465 824 4518 30.
