<?xml version="1.0" encoding="UTF-8"?>
<!DOCTYPE html PUBLIC "-//W3C//DTD XHTML 1.0 Transitional//EN"
    "http://www.w3.org/TR/xhtml1/DTD/xhtml1-transitional.dtd">
<html xmlns="http://www.w3.org/1999/xhtml" xml:lang="en" lang="en">
 <head>
  <title>
</title>
<meta http-equiv="Content-Type" content="text/html;charset=utf-8" />
  <meta name='ocr-system' content='tesseract 3.04.00' />
  <meta name='ocr-capabilities' content='ocr_page ocr_carea ocr_par ocr_line ocrx_word'/>
</head>
<body>
  <div class='ocr_page' id='page_1' title='image "./ionaevitaesanct00krusgoog_0129.png"; bbox 0 0 3222 5032; ppageno 0'>
   <div class='ocr_carea' id='block_1_1' title="bbox 421 439 1322 509">
    <p class='ocr_par' dir='ltr' id='par_1_1' title="bbox 421 439 1322 509">
     <span class='ocr_line' id='line_1_1' title="bbox 421 439 1322 509; baseline 0.008 -13"><span class='ocrx_word' id='word_1_1' title='bbox 421 439 548 509; x_wconf 84' lang='lat' dir='ltr'><strong><em>IONAS,</em></strong></span> <span class='ocrx_word' id='word_1_2' title='bbox 561 439 682 494; x_wconf 80' lang='lat' dir='ltr'><strong>VITAE</strong></span> <span class='ocrx_word' id='word_1_3' title='bbox 701 441 928 496; x_wconf 80' lang='lat' dir='ltr'><strong><em>COLUMBANI</em></strong></span> <span class='ocrx_word' id='word_1_4' title='bbox 945 441 1053 498; x_wconf 84' lang='lat' dir='ltr'><strong>LIBRI</strong></span> <span class='ocrx_word' id='word_1_5' title='bbox 1070 443 1109 499; x_wconf 90' lang='lat' dir='ltr'><em>H.</em></span> <span class='ocrx_word' id='word_1_6' title='bbox 1271 448 1322 504; x_wconf 79' lang='lat'><em>113</em></span> 
     </span>
    </p>
   </div>
   <div class='ocr_carea' id='block_1_2' title="bbox 159 622 1456 2842">
    <p class='ocr_par' dir='ltr' id='par_1_2' title="bbox 207 622 1322 954">
     <span class='ocr_line' id='line_1_2' title="bbox 207 622 1321 706; baseline 0.003 -18"><span class='ocrx_word' id='word_1_7' title='bbox 207 622 348 688; x_wconf 87' lang='lat' dir='ltr'><em>codicum</em></span> <span class='ocrx_word' id='word_1_8' title='bbox 371 622 545 704; x_wconf 71' lang='lat' dir='ltr'><em>conceriem</em></span> <span class='ocrx_word' id='word_1_9' title='bbox 567 622 757 688; x_wconf 78' lang='lat' dir='ltr'><em>examinans</em></span> <span class='ocrx_word' id='word_1_10' title='bbox 779 623 816 689; x_wconf 95' lang='lat' dir='ltr'><em>in</em></span> <span class='ocrx_word' id='word_1_11' title='bbox 838 624 973 704; x_wconf 68' lang='lat' dir='ltr'><em>affinem</em></span> <span class='ocrx_word' id='word_1_12' title='bbox 998 624 1100 706; x_wconf 64' lang='lat' dir='ltr'><em>iusim</em></span> <span class='ocrx_word' id='word_1_13' title='bbox 1122 625 1252 690; x_wconf 78' lang='lat' dir='ltr'><strong><em>classem</em></strong></span> <span class='ocrx_word' id='word_1_14' title='bbox 1273 625 1321 692; x_wconf 89' lang='lat' dir='ltr'><em>in-</em></span> 
     </span>
     <span class='ocr_line' id='line_1_3' title="bbox 207 711 1322 792; baseline 0.003 -15"><span class='ocrx_word' id='word_1_15' title='bbox 207 711 273 777; x_wconf 83' lang='lat' dir='ltr'><em>cidi</em></span> <span class='ocrx_word' id='word_1_16' title='bbox 287 712 319 774; x_wconf 97' lang='lat' dir='ltr'><strong><em>A</em></strong></span> <span class='ocrx_word' id='word_1_17' title='bbox 333 717 362 792; x_wconf 88' lang='lat'><em>3,</em></span> <span class='ocrx_word' id='word_1_18' title='bbox 386 732 520 792; x_wconf 81' lang='lat' dir='ltr'><em>quacum</em></span> <span class='ocrx_word' id='word_1_19' title='bbox 535 732 772 792; x_wconf 75' lang='lat' dir='ltr'><em>nonnumquam</em></span> <span class='ocrx_word' id='word_1_20' title='bbox 787 713 914 792; x_wconf 77' lang='lat' dir='ltr'><em>famant</em></span> <span class='ocrx_word' id='word_1_21' title='bbox 927 712 1046 778; x_wconf 89' lang='lat' dir='ltr'><em>codices</em></span> <span class='ocrx_word' id='word_1_22' title='bbox 1060 713 1093 777; x_wconf 92' lang='lat' dir='ltr'><strong><em>A</em></strong></span> <span class='ocrx_word' id='word_1_23' title='bbox 1105 718 1136 776; x_wconf 88' lang='grc'><em>4.</em></span> <span class='ocrx_word' id='word_1_24' title='bbox 1153 719 1205 778; x_wconf 86' lang='lat' dir='ltr'><em>4a.</em></span> <span class='ocrx_word' id='word_1_25' title='bbox 1243 713 1322 780; x_wconf 79' lang='lat' dir='ltr'><em>Gum</em></span> 
     </span>
     <span class='ocr_line' id='line_1_4' title="bbox 207 799 1319 884; baseline 0.003 -20"><span class='ocrx_word' id='word_1_26' title='bbox 207 799 289 866; x_wconf 80' lang='lat' dir='ltr'><em>libro</em></span> <span class='ocrx_word' id='word_1_27' title='bbox 318 801 383 864; x_wconf 82' lang='lat' dir='ltr'><em>As</em></span> <span class='ocrx_word' id='word_1_28' title='bbox 413 800 478 864; x_wconf 85' lang='lat' dir='ltr'><em>soto</em></span> <span class='ocrx_word' id='word_1_29' title='bbox 508 800 620 866; x_wconf 86' lang='lat' dir='ltr'><em>classis</em></span> <span class='ocrx_word' id='word_1_30' title='bbox 648 799 682 864; x_wconf 91' lang='lat' dir='ltr'><em>B</em></span> <span class='ocrx_word' id='word_1_31' title='bbox 712 801 862 882; x_wconf 85' lang='lat' dir='ltr'><em>conuenit,</em></span> <span class='ocrx_word' id='word_1_32' title='bbox 897 801 1085 867; x_wconf 70' lang='lat' dir='ltr'><em>assentiente</em></span> <span class='ocrx_word' id='word_1_33' title='bbox 1114 802 1319 884; x_wconf 73' lang='lat' dir='ltr'><em>Fredecario,</em></span> 
     </span>
     <span class='ocr_line' id='line_1_5' title="bbox 207 888 376 954; baseline -0.006 0"><span class='ocrx_word' id='word_1_34' title='bbox 207 889 284 954; x_wconf 86' lang='lat' dir='ltr'><em>iocis</em></span> <span class='ocrx_word' id='word_1_35' title='bbox 306 888 376 954; x_wconf 81' lang='lat' dir='ltr'><em>bis:</em></span> 
     </span>
    </p>

    <p class='ocr_par' dir='ltr' id='par_1_3' title="bbox 175 991 1319 1078">
     <span class='ocr_line' id='line_1_6' title="bbox 175 991 1319 1078; baseline -0.001 -16"><span class='ocrx_word' id='word_1_36' title='bbox 175 1023 188 1062; x_wconf 78' lang='lat' dir='ltr'><em>u</em></span> <span class='ocrx_word' id='word_1_37' title='bbox 245 995 275 1076; x_wconf 84' lang='lat' dir='ltr'><em>I,</em></span> <span class='ocrx_word' id='word_1_38' title='bbox 291 1002 341 1060; x_wconf 89' lang='grc'><em>19.</em></span> <span class='ocrx_word' id='word_1_39' title='bbox 367 991 517 1078; x_wconf 75' lang='lat' dir='ltr'><em>[beatum</em></span> <span class='ocrx_word' id='word_1_40' title='bbox 530 995 604 1060; x_wconf 91' lang='lat' dir='ltr'><em>add.</em></span> <span class='ocrx_word' id='word_1_41' title='bbox 617 995 650 1058; x_wconf 89' lang='lat' dir='ltr'><strong><em>A</em></strong></span> <span class='ocrx_word' id='word_1_42' title='bbox 662 1002 711 1060; x_wconf 90' lang='lat' dir='ltr'><em>la.</em></span> <span class='ocrx_word' id='word_1_43' title='bbox 725 995 771 1058; x_wconf 73' lang='grc' dir='ltr'><em>α’.</em></span> <span class='ocrx_word' id='word_1_44' title='bbox 784 996 811 1060; x_wconf 90' lang='lat' dir='ltr'><em>b.</em></span> <span class='ocrx_word' id='word_1_45' title='bbox 825 1016 850 1060; x_wconf 89' lang='lat' dir='ltr'><em>o.</em></span> <span class='ocrx_word' id='word_1_46' title='bbox 864 997 894 1059; x_wconf 90' lang='lat' dir='ltr'><em>d.</em></span> <span class='ocrx_word' id='word_1_47' title='bbox 909 1002 939 1059; x_wconf 98' lang='grc'><strong>2.</strong></span> <span class='ocrx_word' id='word_1_48' title='bbox 952 1002 1013 1077; x_wconf 81' lang='grc' dir='ltr'><em>2α,·</em></span> <span class='ocrx_word' id='word_1_49' title='bbox 1028 1017 1088 1060; x_wconf 86' lang='lat' dir='ltr'><em>om.</em></span> <span class='ocrx_word' id='word_1_50' title='bbox 1100 997 1171 1060; x_wconf 85' lang='lat' dir='ltr'><em>A3.</em></span> <span class='ocrx_word' id='word_1_51' title='bbox 1183 995 1275 1062; x_wconf 90' lang='lat' dir='ltr'><em>Bla.</em></span> <span class='ocrx_word' id='word_1_52' title='bbox 1289 1003 1319 1062; x_wconf 92' lang='grc'><strong>2.</strong></span> 
     </span>
    </p>

    <p class='ocr_par' dir='ltr' id='par_1_4' title="bbox 244 1079 1321 1434">
     <span class='ocr_line' id='line_1_7' title="bbox 366 1079 732 1167; baseline -0.003 -21"><span class='ocrx_word' id='word_1_53' title='bbox 366 1079 439 1167; x_wconf 71' lang='lat' dir='ltr'><em>Fu]</em></span> <span class='ocrx_word' id='word_1_54' title='bbox 465 1084 732 1159; x_wconf 83' lang='lat' dir='ltr'><em>Columbanum;</em></span> 
     </span>
     <span class='ocr_line' id='line_1_8' title="bbox 278 1167 1320 1256; baseline 0.002 -20"><span class='ocrx_word' id='word_1_55' title='bbox 278 1171 321 1237; x_wconf 88' lang='lat' dir='ltr'><em>ib.</em></span> <span class='ocrx_word' id='word_1_56' title='bbox 368 1173 561 1238; x_wconf 76' lang='lat' dir='ltr'><em>dementiae</em></span> <span class='ocrx_word' id='word_1_57' title='bbox 594 1168 639 1254; x_wconf 81' lang='lat' dir='ltr'><em>[se</em></span> <span class='ocrx_word' id='word_1_58' title='bbox 669 1174 743 1237; x_wconf 89' lang='lat' dir='ltr'><em>add.</em></span> <span class='ocrx_word' id='word_1_59' title='bbox 767 1174 800 1235; x_wconf 88' lang='lat' dir='ltr'><strong><em>A</em></strong></span> <span class='ocrx_word' id='word_1_60' title='bbox 815 1179 865 1238; x_wconf 91' lang='lat' dir='ltr'><em>la.</em></span> <span class='ocrx_word' id='word_1_61' title='bbox 889 1167 933 1238; x_wconf 71' lang='grc' dir='ltr'><strong>α’.</strong></span> <span class='ocrx_word' id='word_1_62' title='bbox 958 1175 986 1238; x_wconf 88' lang='lat' dir='ltr'><em>b.</em></span> <span class='ocrx_word' id='word_1_63' title='bbox 1010 1195 1035 1238; x_wconf 89' lang='lat' dir='ltr'><em>c.</em></span> <span class='ocrx_word' id='word_1_64' title='bbox 1059 1175 1090 1238; x_wconf 90' lang='lat' dir='ltr'><em>d.</em></span> <span class='ocrx_word' id='word_1_65' title='bbox 1115 1179 1146 1237; x_wconf 93' lang='grc'><strong>2.</strong></span> <span class='ocrx_word' id='word_1_66' title='bbox 1171 1173 1232 1256; x_wconf 82' lang='grc' dir='ltr'><em>2α;</em></span> <span class='ocrx_word' id='word_1_67' title='bbox 1261 1194 1320 1238; x_wconf 91' lang='lat' dir='ltr'><em>om.</em></span> 
     </span>
     <span class='ocr_line' id='line_1_9' title="bbox 367 1255 732 1345; baseline 0 -21"><span class='ocrx_word' id='word_1_68' title='bbox 367 1261 442 1324; x_wconf 85' lang='lat' dir='ltr'><em>A3.</em></span> <span class='ocrx_word' id='word_1_69' title='bbox 466 1259 564 1325; x_wconf 89' lang='lat' dir='ltr'><em>Bla.</em></span> <span class='ocrx_word' id='word_1_70' title='bbox 583 1267 612 1325; x_wconf 90' lang='grc'><strong>2.</strong></span> <span class='ocrx_word' id='word_1_71' title='bbox 637 1255 732 1345; x_wconf 79' lang='lat' dir='ltr'><em>Fr.],·</em></span> 
     </span>
     <span class='ocr_line' id='line_1_10' title="bbox 244 1351 1321 1434; baseline 0.003 -21"><span class='ocrx_word' id='word_1_72' title='bbox 244 1351 340 1432; x_wconf 80' lang='grc' dir='ltr'><strong>Ι,20.</strong></span> <span class='ocrx_word' id='word_1_73' title='bbox 364 1351 463 1415; x_wconf 72' lang='lat' dir='ltr'><em>Inter</em></span> <span class='ocrx_word' id='word_1_74' title='bbox 493 1371 577 1432; x_wconf 85' lang='lat' dir='ltr'><em>quos</em></span> <span class='ocrx_word' id='word_1_75' title='bbox 607 1351 737 1434; x_wconf 83' lang='lat' dir='ltr'><em>primus</em></span> <span class='ocrx_word' id='word_1_76' title='bbox 760 1351 1009 1434; x_wconf 83' lang='lat' dir='ltr'><em>Rugumundue</em></span> <span class='ocrx_word' id='word_1_77' title='bbox 1040 1355 1123 1428; x_wconf 77' lang='lat' dir='ltr'><em>ereb,</em></span> <span class='ocrx_word' id='word_1_78' title='bbox 1154 1353 1213 1434; x_wconf 91' lang='lat' dir='ltr'><em>qui</em></span> <span class='ocrx_word' id='word_1_79' title='bbox 1243 1371 1321 1416; x_wconf 91' lang='lat' dir='ltr'><em>eum</em></span> 
     </span>
    </p>

    <p class='ocr_par' dir='ltr' id='par_1_5' title="bbox 160 1435 1320 1524">
     <span class='ocr_line' id='line_1_11' title="bbox 160 1435 1320 1524; baseline -0.002 -18"><span class='ocrx_word' id='word_1_80' title='bbox 160 1468 188 1506; x_wconf 81' lang='grc' dir='ltr'><em>ιο</em></span> <span class='ocrx_word' id='word_1_81' title='bbox 366 1439 524 1504; x_wconf 74' lang='lat' dir='ltr'><em>Nemetis</em></span> <span class='ocrx_word' id='word_1_82' title='bbox 547 1461 655 1522; x_wconf 83' lang='lat' dir='ltr'><em>usque</em></span> <span class='ocrx_word' id='word_1_83' title='bbox 678 1441 849 1524; x_wconf 79' lang='lat' dir='ltr'><em>perduxit,</em></span> <span class='ocrx_word' id='word_1_84' title='bbox 873 1435 1052 1524; x_wconf 87' lang='lat' dir='ltr'><em>universis]</em></span> <span class='ocrx_word' id='word_1_85' title='bbox 1077 1440 1151 1504; x_wconf 88' lang='lat' dir='ltr'><em>A3.</em></span> <span class='ocrx_word' id='word_1_86' title='bbox 1171 1439 1205 1504; x_wconf 89' lang='lat' dir='ltr'><em>B</em></span> <span class='ocrx_word' id='word_1_87' title='bbox 1220 1447 1270 1504; x_wconf 89' lang='lat' dir='ltr'><em>la.</em></span> <span class='ocrx_word' id='word_1_88' title='bbox 1290 1445 1320 1504; x_wconf 92' lang='grc'><em>2.</em></span> 
     </span>
    </p>

    <p class='ocr_par' dir='ltr' id='par_1_6' title="bbox 365 1522 1322 1859">
     <span class='ocr_line' id='line_1_12' title="bbox 366 1522 1322 1612; baseline 0.003 -21"><span class='ocrx_word' id='word_1_89' title='bbox 366 1527 447 1609; x_wconf 81' lang='lat' dir='ltr'><em>Fr.;</em></span> <span class='ocrx_word' id='word_1_90' title='bbox 476 1529 519 1592; x_wconf 92' lang='lat' dir='ltr'><em>N.</em></span> <span class='ocrx_word' id='word_1_91' title='bbox 543 1551 578 1591; x_wconf 91' lang='lat' dir='ltr'><em>u.</em></span> <span class='ocrx_word' id='word_1_92' title='bbox 601 1551 634 1612; x_wconf 92' lang='lat' dir='ltr'><em>p.</em></span> <span class='ocrx_word' id='word_1_93' title='bbox 665 1522 766 1611; x_wconf 78' lang='lat' dir='ltr'><em>(Nem</em></span> <span class='ocrx_word' id='word_1_94' title='bbox 795 1528 896 1592; x_wconf 83' lang='lat' dir='ltr'><em>sotum</em></span> <span class='ocrx_word' id='word_1_95' title='bbox 924 1529 1016 1593; x_wconf 83' lang='lat' dir='ltr'><em>babet</em></span> <span class='ocrx_word' id='word_1_96' title='bbox 1037 1530 1143 1610; x_wconf 83' lang='lat' dir='ltr'><em>Alb,·</em></span> <span class='ocrx_word' id='word_1_97' title='bbox 1176 1551 1257 1594; x_wconf 83' lang='lat' dir='ltr'><em>nam</em></span> <span class='ocrx_word' id='word_1_98' title='bbox 1286 1532 1322 1594; x_wconf 79' lang='lat' dir='ltr'><em>et</em></span> 
     </span>
     <span class='ocr_line' id='line_1_13' title="bbox 366 1613 1322 1701; baseline 0.002 -21"><span class='ocrx_word' id='word_1_99' title='bbox 366 1639 473 1701; x_wconf 81' lang='lat' dir='ltr'><em>usque</em></span> <span class='ocrx_word' id='word_1_100' title='bbox 504 1618 665 1701; x_wconf 74' lang='lat' dir='ltr'><em>perduxit</em></span> <span class='ocrx_word' id='word_1_101' title='bbox 695 1638 776 1681; x_wconf 82' lang='lat' dir='ltr'><em>eras.</em></span> <span class='ocrx_word' id='word_1_102' title='bbox 800 1617 833 1680; x_wconf 89' lang='lat' dir='ltr'><strong><em>A</em></strong></span> <span class='ocrx_word' id='word_1_103' title='bbox 850 1618 907 1698; x_wconf 85' lang='lat' dir='ltr'><em>ld,·</em></span> <span class='ocrx_word' id='word_1_104' title='bbox 940 1617 1016 1682; x_wconf 85' lang='lat' dir='ltr'><em>baec</em></span> <span class='ocrx_word' id='word_1_105' title='bbox 1044 1637 1104 1681; x_wconf 91' lang='lat' dir='ltr'><em>om.</em></span> <span class='ocrx_word' id='word_1_106' title='bbox 1126 1617 1159 1681; x_wconf 91' lang='lat' dir='ltr'><strong><em>A</em></strong></span> <span class='ocrx_word' id='word_1_107' title='bbox 1175 1613 1221 1701; x_wconf 85' lang='lat' dir='ltr'><em>lc)</em></span> <span class='ocrx_word' id='word_1_108' title='bbox 1248 1624 1322 1682; x_wconf 89' lang='lat' dir='ltr'><em>ante</em></span> 
     </span>
     <span class='ocr_line' id='line_1_14' title="bbox 365 1700 1321 1790; baseline 0.001 -21"><span class='ocrx_word' id='word_1_109' title='bbox 365 1708 461 1770; x_wconf 89' lang='lat' dir='ltr'><em>oerba</em></span> <span class='ocrx_word' id='word_1_110' title='bbox 484 1707 505 1768; x_wconf 93' lang='lat' dir='ltr'><em>i.</em></span> <span class='ocrx_word' id='word_1_111' title='bbox 526 1728 557 1789; x_wconf 90' lang='lat' dir='ltr'><em>q.</em></span> <span class='ocrx_word' id='word_1_112' title='bbox 577 1729 611 1790; x_wconf 89' lang='lat' dir='ltr'><em>p.</em></span> <span class='ocrx_word' id='word_1_113' title='bbox 629 1707 670 1768; x_wconf 87' lang='lat' dir='ltr'><em>R.</em></span> <span class='ocrx_word' id='word_1_114' title='bbox 690 1727 729 1783; x_wconf 86' lang='lat' dir='ltr'><em>e.,</em></span> <span class='ocrx_word' id='word_1_115' title='bbox 761 1708 819 1789; x_wconf 90' lang='lat' dir='ltr'><em>qui</em></span> <span class='ocrx_word' id='word_1_116' title='bbox 843 1700 886 1789; x_wconf 84' lang='lat' dir='ltr'><em>(q.</em></span> <span class='ocrx_word' id='word_1_117' title='bbox 910 1727 968 1770; x_wconf 92' lang='lat' dir='ltr'><em>om.</em></span> <span class='ocrx_word' id='word_1_118' title='bbox 992 1706 1084 1771; x_wconf 89' lang='lat' dir='ltr'><em>Ale.</em></span> <span class='ocrx_word' id='word_1_119' title='bbox 1108 1702 1151 1789; x_wconf 84' lang='lat' dir='ltr'><em>d.)</em></span> <span class='ocrx_word' id='word_1_120' title='bbox 1179 1727 1258 1772; x_wconf 87' lang='lat' dir='ltr'><em>eum</em></span> <span class='ocrx_word' id='word_1_121' title='bbox 1287 1728 1321 1772; x_wconf 89' lang='lat' dir='ltr'><em>u.</em></span> 
     </span>
     <span class='ocr_line' id='line_1_15' title="bbox 366 1795 824 1859; baseline -0.002 -2"><span class='ocrx_word' id='word_1_122' title='bbox 366 1795 464 1858; x_wconf 88' lang='lat' dir='ltr'><em>Ala.</em></span> <span class='ocrx_word' id='word_1_123' title='bbox 489 1795 534 1859; x_wconf 73' lang='lat' dir='ltr'><em>a‘.</em></span> <span class='ocrx_word' id='word_1_124' title='bbox 559 1795 586 1859; x_wconf 92' lang='lat' dir='ltr'><em>b.</em></span> <span class='ocrx_word' id='word_1_125' title='bbox 611 1815 636 1859; x_wconf 91' lang='lat' dir='ltr'><em>c.</em></span> <span class='ocrx_word' id='word_1_126' title='bbox 661 1795 691 1858; x_wconf 92' lang='lat' dir='ltr'><em>d.</em></span> <span class='ocrx_word' id='word_1_127' title='bbox 716 1801 747 1858; x_wconf 89' lang='grc'><em>2.</em></span> <span class='ocrx_word' id='word_1_128' title='bbox 772 1801 824 1859; x_wconf 81' lang='grc' dir='ltr'><strong>2α.</strong></span> 
     </span>
    </p>

    <p class='ocr_par' dir='ltr' id='par_1_7' title="bbox 160 1879 1456 2318">
     <span class='ocr_line' id='line_1_16' title="bbox 160 1879 1456 1968; baseline -0.005 -16"><span class='ocrx_word' id='word_1_129' title='bbox 160 1912 188 1952; x_wconf 83' lang='lat'><em>15</em></span> <span class='ocrx_word' id='word_1_130' title='bbox 214 1884 317 1949; x_wconf 87' lang='lat' dir='ltr'><em>Verba</em></span> <span class='ocrx_word' id='word_1_131' title='bbox 346 1883 446 1965; x_wconf 68' lang='lat' dir='ltr'><em>icitur</em></span> <span class='ocrx_word' id='word_1_132' title='bbox 473 1883 631 1947; x_wconf 72' lang='lat' dir='ltr'><em>Nemetis</em></span> <span class='ocrx_word' id='word_1_133' title='bbox 660 1904 768 1966; x_wconf 84' lang='lat' dir='ltr'><em>usque</em></span> <span class='ocrx_word' id='word_1_134' title='bbox 798 1885 959 1968; x_wconf 77' lang='lat' dir='ltr'><em>perduxit</em></span> <span class='ocrx_word' id='word_1_135' title='bbox 987 1882 1025 1946; x_wconf 94' lang='lat' dir='ltr'><em>in</em></span> <span class='ocrx_word' id='word_1_136' title='bbox 1054 1882 1227 1963; x_wconf 81' lang='lat' dir='ltr'><em>enempbori</em></span> <span class='ocrx_word' id='word_1_137' title='bbox 1257 1879 1321 1966; x_wconf 83' lang='lat' dir='ltr'><em>(a),</em></span> <span class='ocrx_word' id='word_1_138' title='bbox 1452 1897 1456 1906; x_wconf 92' lang='grc'><strong><em>·</em></strong></span> 
     </span>
     <span class='ocr_line' id='line_1_17' title="bbox 206 1971 1322 2052; baseline -0.001 -16"><span class='ocrx_word' id='word_1_139' title='bbox 206 1974 289 2038; x_wconf 92' lang='lat' dir='ltr'><em>unde</em></span> <span class='ocrx_word' id='word_1_140' title='bbox 312 1971 388 2036; x_wconf 84' lang='lat' dir='ltr'><em>iibri</em></span> <span class='ocrx_word' id='word_1_141' title='bbox 411 1972 443 2036; x_wconf 93' lang='lat' dir='ltr'><strong><em>A</em></strong></span> <span class='ocrx_word' id='word_1_142' title='bbox 459 1978 508 2034; x_wconf 93' lang='lat' dir='ltr'><em>la.</em></span> <span class='ocrx_word' id='word_1_143' title='bbox 533 1973 561 2036; x_wconf 90' lang='lat' dir='ltr'><em>b.</em></span> <span class='ocrx_word' id='word_1_144' title='bbox 586 1993 610 2035; x_wconf 88' lang='lat' dir='ltr'><em>c.</em></span> <span class='ocrx_word' id='word_1_145' title='bbox 635 1972 666 2034; x_wconf 87' lang='lat' dir='ltr'><em>d.</em></span> <span class='ocrx_word' id='word_1_146' title='bbox 691 1978 720 2035; x_wconf 91' lang='grc'><em>2.</em></span> <span class='ocrx_word' id='word_1_147' title='bbox 746 1977 789 2035; x_wconf 80' lang='grc' dir='ltr'><em>2α</em></span> <span class='ocrx_word' id='word_1_148' title='bbox 811 1972 960 2052; x_wconf 79' lang='lat' dir='ltr'><em>pendent,</em></span> <span class='ocrx_word' id='word_1_149' title='bbox 989 1992 1044 2035; x_wconf 81' lang='lat' dir='ltr'><em>suo</em></span> <span class='ocrx_word' id='word_1_150' title='bbox 1068 1971 1132 2035; x_wconf 88' lang='lat' dir='ltr'><em>ioco</em></span> <span class='ocrx_word' id='word_1_151' title='bbox 1155 1977 1239 2035; x_wconf 92' lang='lat' dir='ltr'><em>mota</em></span> <span class='ocrx_word' id='word_1_152' title='bbox 1261 1971 1322 2035; x_wconf 86' lang='lat' dir='ltr'><em>ini·</em></span> 
     </span>
     <span class='ocr_line' id='line_1_18' title="bbox 206 2059 1323 2142; baseline -0.002 -16"><span class='ocrx_word' id='word_1_153' title='bbox 206 2062 309 2142; x_wconf 77' lang='lat' dir='ltr'><em>tioque</em></span> <span class='ocrx_word' id='word_1_154' title='bbox 331 2059 490 2126; x_wconf 87' lang='lat' dir='ltr'><em>enuntiati</em></span> <span class='ocrx_word' id='word_1_155' title='bbox 518 2060 659 2140; x_wconf 72' lang='lat' dir='ltr'><em>suppleta</em></span> <span class='ocrx_word' id='word_1_156' title='bbox 682 2066 793 2140; x_wconf 82' lang='lat' dir='ltr'><em>crunt;</em></span> <span class='ocrx_word' id='word_1_157' title='bbox 826 2059 863 2123; x_wconf 89' lang='lat' dir='ltr'><em>in</em></span> <span class='ocrx_word' id='word_1_158' title='bbox 891 2060 989 2124; x_wconf 88' lang='lat' dir='ltr'><em>attero</em></span> <span class='ocrx_word' id='word_1_159' title='bbox 1018 2065 1121 2124; x_wconf 90' lang='lat' dir='ltr'><em>autem</em></span> <span class='ocrx_word' id='word_1_160' title='bbox 1149 2059 1323 2140; x_wconf 77' lang='lat' dir='ltr'><em>eucmpbari</em></span> 
     </span>
     <span class='ocr_line' id='line_1_19' title="bbox 207 2146 1323 2232; baseline -0.002 -18"><span class='ocrx_word' id='word_1_161' title='bbox 207 2149 259 2232; x_wconf 77' lang='lat' dir='ltr'><em>(u)</em></span> <span class='ocrx_word' id='word_1_162' title='bbox 291 2151 367 2214; x_wconf 90' lang='lat' dir='ltr'><em>ordo</em></span> <span class='ocrx_word' id='word_1_163' title='bbox 396 2169 504 2212; x_wconf 91' lang='lat' dir='ltr'><em>rerum</em></span> <span class='ocrx_word' id='word_1_164' title='bbox 532 2147 670 2212; x_wconf 89' lang='lat' dir='ltr'><em>intactus</em></span> <span class='ocrx_word' id='word_1_165' title='bbox 698 2147 826 2212; x_wconf 83' lang='lat' dir='ltr'><em>relictus</em></span> <span class='ocrx_word' id='word_1_166' title='bbox 857 2153 935 2227; x_wconf 83' lang='lat' dir='ltr'><em>erat,</em></span> <span class='ocrx_word' id='word_1_167' title='bbox 966 2147 1098 2228; x_wconf 77' lang='lat' dir='ltr'><em>talisque</em></span> <span class='ocrx_word' id='word_1_168' title='bbox 1128 2146 1323 2213; x_wconf 82' lang='lat' dir='ltr'><em>condicionis</em></span> 
     </span>
     <span class='ocr_line' id='line_1_20' title="bbox 207 2235 1323 2318; baseline -0.004 -14"><span class='ocrx_word' id='word_1_169' title='bbox 207 2241 302 2304; x_wconf 87' lang='lat' dir='ltr'><em>codeu</em></span> <span class='ocrx_word' id='word_1_170' title='bbox 331 2259 396 2302; x_wconf 93' lang='lat' dir='ltr'><em>non</em></span> <span class='ocrx_word' id='word_1_171' title='bbox 425 2237 525 2301; x_wconf 84' lang='lat' dir='ltr'><em>sobnm</em></span> <span class='ocrx_word' id='word_1_172' title='bbox 553 2236 584 2300; x_wconf 88' lang='lat' dir='ltr'><em>is</em></span> <span class='ocrx_word' id='word_1_173' title='bbox 613 2242 690 2317; x_wconf 83' lang='lat' dir='ltr'><em>erat,</em></span> <span class='ocrx_word' id='word_1_174' title='bbox 721 2236 776 2317; x_wconf 77' lang='lat' dir='ltr'><em>qni</em></span> <span class='ocrx_word' id='word_1_175' title='bbox 805 2259 827 2300; x_wconf 92' lang='lat' dir='ltr'><em>a</em></span> <span class='ocrx_word' id='word_1_176' title='bbox 849 2235 1046 2318; x_wconf 74' lang='lat' dir='ltr'><em>Fredeyario</em></span> <span class='ocrx_word' id='word_1_177' title='bbox 1074 2235 1267 2317; x_wconf 79' lang='lat' dir='ltr'><em>librarioque</em></span> <span class='ocrx_word' id='word_1_178' title='bbox 1288 2235 1323 2300; x_wconf 90' lang='lat' dir='ltr'><strong><em>B</em></strong></span> 
     </span>
    </p>

    <p class='ocr_par' dir='ltr' id='par_1_8' title="bbox 159 2324 1323 2764">
     <span class='ocr_line' id='line_1_21' title="bbox 159 2324 1323 2407; baseline -0.004 -12"><span class='ocrx_word' id='word_1_179' title='bbox 159 2357 187 2396; x_wconf 62' lang='grc' dir='ltr'><em>πο</em></span> <span class='ocrx_word' id='word_1_180' title='bbox 206 2326 369 2392; x_wconf 82' lang='lat' dir='ltr'><em>adbibitus</em></span> <span class='ocrx_word' id='word_1_181' title='bbox 391 2331 444 2407; x_wconf 84' lang='lat' dir='ltr'><em>est,</em></span> <span class='ocrx_word' id='word_1_182' title='bbox 468 2327 524 2389; x_wconf 87' lang='lat' dir='ltr'><em>sed</em></span> <span class='ocrx_word' id='word_1_183' title='bbox 545 2331 630 2390; x_wconf 82' lang='lat' dir='ltr'><em>catat</em></span> <span class='ocrx_word' id='word_1_184' title='bbox 652 2325 755 2390; x_wconf 87' lang='lat' dir='ltr'><em>adbuc</em></span> <span class='ocrx_word' id='word_1_185' title='bbox 773 2325 837 2389; x_wconf 81' lang='lat' dir='ltr'><em>Ae</em></span> <span class='ocrx_word' id='word_1_186' title='bbox 862 2331 954 2406; x_wconf 74' lang='lat' dir='ltr'><em>atque</em></span> <span class='ocrx_word' id='word_1_187' title='bbox 972 2345 1011 2390; x_wconf 85' lang='lat' dir='ltr'><em>eu</em></span> <span class='ocrx_word' id='word_1_188' title='bbox 1028 2324 1127 2389; x_wconf 82' lang='lat' dir='ltr'><em>simili</em></span> <span class='ocrx_word' id='word_1_189' title='bbox 1149 2324 1323 2406; x_wconf 80' lang='lat' dir='ltr'><em>cuempiam</em></span> 
     </span>
     <span class='ocr_line' id='line_1_22' title="bbox 206 2413 1323 2496; baseline -0.003 -15"><span class='ocrx_word' id='word_1_190' title='bbox 206 2415 352 2481; x_wconf 82' lang='lat' dir='ltr'><em>lectiones</em></span> <span class='ocrx_word' id='word_1_191' title='bbox 366 2414 540 2480; x_wconf 83' lang='lat' dir='ltr'><em>nonnullos</em></span> <span class='ocrx_word' id='word_1_192' title='bbox 554 2415 692 2496; x_wconf 79' lang='lat' dir='ltr'><em>pendere</em></span> <span class='ocrx_word' id='word_1_193' title='bbox 707 2435 829 2479; x_wconf 87' lang='lat' dir='ltr'><em>necesse</em></span> <span class='ocrx_word' id='word_1_194' title='bbox 843 2420 889 2478; x_wconf 87' lang='lat' dir='ltr'><em>est</em></span> <span class='ocrx_word' id='word_1_195' title='bbox 903 2413 1055 2479; x_wconf 85' lang='lat' dir='ltr'><em>librorum</em></span> <span class='ocrx_word' id='word_1_196' title='bbox 1070 2413 1323 2495; x_wconf 79' lang='lat' dir='ltr'><em>imperfectorum</em></span> 
     </span>
     <span class='ocr_line' id='line_1_23' title="bbox 205 2502 1322 2585; baseline -0.003 -16"><span class='ocrx_word' id='word_1_197' title='bbox 205 2505 239 2571; x_wconf 89' lang='lat' dir='ltr'><strong><em>A</em></strong></span> <span class='ocrx_word' id='word_1_198' title='bbox 252 2511 281 2571; x_wconf 91' lang='lat'><em>4.</em></span> <span class='ocrx_word' id='word_1_199' title='bbox 299 2510 351 2568; x_wconf 83' lang='lat' dir='ltr'><em>4a.</em></span> <span class='ocrx_word' id='word_1_200' title='bbox 402 2503 466 2585; x_wconf 81' lang='lat' dir='ltr'><em>Ope</em></span> <span class='ocrx_word' id='word_1_201' title='bbox 496 2503 635 2568; x_wconf 90' lang='lat' dir='ltr'><em>codicum</em></span> <span class='ocrx_word' id='word_1_202' title='bbox 658 2503 729 2567; x_wconf 89' lang='lat' dir='ltr'><em>A3.</em></span> <span class='ocrx_word' id='word_1_203' title='bbox 747 2508 777 2566; x_wconf 81' lang='grc'><strong>4.</strong></span> <span class='ocrx_word' id='word_1_204' title='bbox 795 2508 837 2567; x_wconf 76' lang='lat' dir='ltr'><em>Aa</em></span> <span class='ocrx_word' id='word_1_205' title='bbox 867 2510 896 2566; x_wconf 90' lang='lat' dir='ltr'><em>et</em></span> <span class='ocrx_word' id='word_1_206' title='bbox 922 2503 1052 2567; x_wconf 80' lang='lat' dir='ltr'><em>classem</em></span> <span class='ocrx_word' id='word_1_207' title='bbox 1074 2502 1108 2566; x_wconf 92' lang='lat' dir='ltr'><em>B</em></span> <span class='ocrx_word' id='word_1_208' title='bbox 1129 2502 1322 2584; x_wconf 78' lang='lat' dir='ltr'><em>interpetati-</em></span> 
     </span>
     <span class='ocr_line' id='line_1_24' title="bbox 206 2591 1322 2675; baseline -0.002 -17"><span class='ocrx_word' id='word_1_209' title='bbox 206 2593 319 2659; x_wconf 86' lang='lat' dir='ltr'><em>onibus</em></span> <span class='ocrx_word' id='word_1_210' title='bbox 346 2591 488 2675; x_wconf 70' lang='lat' dir='ltr'><em>purcari</em></span> <span class='ocrx_word' id='word_1_211' title='bbox 521 2599 551 2657; x_wconf 87' lang='lat' dir='ltr'><em>et</em></span> <span class='ocrx_word' id='word_1_212' title='bbox 577 2591 615 2656; x_wconf 94' lang='lat' dir='ltr'><em>in</em></span> <span class='ocrx_word' id='word_1_213' title='bbox 645 2591 802 2657; x_wconf 74' lang='lat' dir='ltr'><em>codicibus</em></span> <span class='ocrx_word' id='word_1_214' title='bbox 823 2591 917 2656; x_wconf 90' lang='lat' dir='ltr'><em>Ala.</em></span> <span class='ocrx_word' id='word_1_215' title='bbox 934 2591 961 2654; x_wconf 92' lang='lat' dir='ltr'><em>b.</em></span> <span class='ocrx_word' id='word_1_216' title='bbox 979 2598 1041 2656; x_wconf 85' lang='lat' dir='ltr'><em>c.2</em></span> <span class='ocrx_word' id='word_1_217' title='bbox 1070 2593 1185 2656; x_wconf 91' lang='lat' dir='ltr'><em>menda</em></span> <span class='ocrx_word' id='word_1_218' title='bbox 1216 2592 1322 2656; x_wconf 87' lang='lat' dir='ltr'><em>uerba-</em></span> 
     </span>
     <span class='ocr_line' id='line_1_25' title="bbox 206 2679 1322 2764; baseline -0.004 -16"><span class='ocrx_word' id='word_1_219' title='bbox 206 2704 264 2764; x_wconf 81' lang='lat' dir='ltr'><em>que</em></span> <span class='ocrx_word' id='word_1_220' title='bbox 293 2681 431 2764; x_wconf 72' lang='lat' dir='ltr'><em>sinyuta,</em></span> <span class='ocrx_word' id='word_1_221' title='bbox 461 2681 557 2746; x_wconf 93' lang='lat' dir='ltr'><em>immo</em></span> <span class='ocrx_word' id='word_1_222' title='bbox 586 2680 785 2746; x_wconf 89' lang='lat' dir='ltr'><em>enuntiatum</em></span> <span class='ocrx_word' id='word_1_223' title='bbox 814 2687 910 2745; x_wconf 92' lang='lat' dir='ltr'><em>totum</em></span> <span class='ocrx_word' id='word_1_224' title='bbox 939 2679 1053 2745; x_wconf 83' lang='lat' dir='ltr'><em>dubiae</em></span> <span class='ocrx_word' id='word_1_225' title='bbox 1082 2680 1160 2760; x_wconf 69' lang='lat' dir='ltr'><em>[idei</em></span> <span class='ocrx_word' id='word_1_226' title='bbox 1182 2679 1322 2746; x_wconf 80' lang='lat' dir='ltr'><em>discerni</em></span> 
     </span>
    </p>

    <p class='ocr_par' dir='ltr' id='par_1_9' title="bbox 160 2771 313 2842">
     <span class='ocr_line' id='line_1_26' title="bbox 160 2771 313 2842; baseline -0.046 1"><span class='ocrx_word' id='word_1_227' title='bbox 160 2801 188 2842; x_wconf 78' lang='lat' dir='ltr'><em>m</em></span> <span class='ocrx_word' id='word_1_228' title='bbox 206 2771 313 2837; x_wconf 80' lang='lat' dir='ltr'><em>licuit:</em></span> 
     </span>
    </p>
   </div>
   <div class='ocr_carea' id='block_1_3' title="bbox 89 2871 1417 3562">
    <p class='ocr_par' dir='ltr' id='par_1_10' title="bbox 230 2871 1417 3137">
     <span class='ocr_line' id='line_1_27' title="bbox 230 2871 1417 2960; baseline -0.003 -18"><span class='ocrx_word' id='word_1_229' title='bbox 230 2878 274 2960; x_wconf 82' lang='grc' dir='ltr'><em>Ἰ,</em></span> <span class='ocrx_word' id='word_1_230' title='bbox 291 2885 341 2942; x_wconf 92' lang='grc'><em>16.</em></span> <span class='ocrx_word' id='word_1_231' title='bbox 366 2878 547 2942; x_wconf 68' lang='lat' dir='ltr'><em>Petreium</em></span> <span class='ocrx_word' id='word_1_232' title='bbox 572 2878 733 2960; x_wconf 83' lang='lat' dir='ltr'><em>deinceps</em></span> <span class='ocrx_word' id='word_1_233' title='bbox 757 2877 852 2940; x_wconf 85' lang='lat' dir='ltr'><em>aliud</em></span> <span class='ocrx_word' id='word_1_234' title='bbox 875 2871 1088 2958; x_wconf 80' lang='lat' dir='ltr'><em>miraculum]</em></span> <span class='ocrx_word' id='word_1_235' title='bbox 1114 2875 1187 2938; x_wconf 84' lang='lat' dir='ltr'><em>A3.</em></span> <span class='ocrx_word' id='word_1_236' title='bbox 1213 2881 1242 2938; x_wconf 87' lang='grc'><em>4.</em></span> <span class='ocrx_word' id='word_1_237' title='bbox 1267 2881 1320 2941; x_wconf 83' lang='grc' dir='ltr'><strong>4α.</strong></span> <span class='ocrx_word' id='word_1_238' title='bbox 1341 2895 1417 2944; x_wconf 59' lang='lat' dir='ltr'><em>ruer.</em></span> 
     </span>
     <span class='ocr_line' id='line_1_28' title="bbox 366 2963 1319 3047; baseline 0 -18"><span class='ocrx_word' id='word_1_239' title='bbox 366 2965 462 3030; x_wconf 90' lang='lat' dir='ltr'><em>Bla.</em></span> <span class='ocrx_word' id='word_1_240' title='bbox 482 2972 501 3028; x_wconf 94' lang='grc'><strong>2</strong></span> <span class='ocrx_word' id='word_1_241' title='bbox 527 2963 763 3047; x_wconf 77' lang='lat' dir='ltr'><em>(praetermisso</em></span> <span class='ocrx_word' id='word_1_242' title='bbox 784 2967 876 3030; x_wconf 88' lang='lat' dir='ltr'><em>uerbo</em></span> <span class='ocrx_word' id='word_1_243' title='bbox 899 2963 1065 3040; x_wconf 71' lang='lat' dir='ltr'><em>occuliari,</em></span> <span class='ocrx_word' id='word_1_244' title='bbox 1089 2964 1171 3028; x_wconf 86' lang='lat' dir='ltr'><em>ceint</em></span> <span class='ocrx_word' id='word_1_245' title='bbox 1194 2965 1247 3045; x_wconf 87' lang='lat' dir='ltr'><em>II,</em></span> <span class='ocrx_word' id='word_1_246' title='bbox 1261 2971 1319 3029; x_wconf 86' lang='grc'><em>23;</em></span> 
     </span>
     <span class='ocr_line' id='line_1_29' title="bbox 366 3053 1321 3137; baseline -0.002 -19"><span class='ocrx_word' id='word_1_247' title='bbox 366 3055 501 3120; x_wconf 84' lang='lat' dir='ltr'><em>Deinde</em></span> <span class='ocrx_word' id='word_1_248' title='bbox 526 3056 594 3118; x_wconf 77' lang='lat' dir='ltr'><em>alia</em></span> <span class='ocrx_word' id='word_1_249' title='bbox 616 3057 726 3119; x_wconf 76' lang='lat' dir='ltr'><em>virtue</em></span> <span class='ocrx_word' id='word_1_250' title='bbox 750 3053 960 3136; x_wconf 73' lang='lat' dir='ltr'><em>subsecuta);</em></span> <span class='ocrx_word' id='word_1_251' title='bbox 986 3054 1076 3136; x_wconf 91' lang='lat' dir='ltr'><em>quod</em></span> <span class='ocrx_word' id='word_1_252' title='bbox 1101 3073 1162 3137; x_wconf 90' lang='lat' dir='ltr'><em>per</em></span> <span class='ocrx_word' id='word_1_253' title='bbox 1181 3054 1321 3118; x_wconf 74' lang='lat' dir='ltr'><em>beatum</em></span> 
     </span>
    </p>

    <p class='ocr_par' dir='ltr' id='par_1_11' title="bbox 89 3142 1322 3209">
     <span class='ocr_line' id='line_1_30' title="bbox 89 3142 1322 3209; baseline -0.001 -1"><span class='ocrx_word' id='word_1_254' title='bbox 89 3175 91 3182; x_wconf 87' lang='lat'><em>·</em></span> <span class='ocrx_word' id='word_1_255' title='bbox 367 3143 618 3208; x_wconf 68' lang='lat' dir='ltr'><em>Columbinum</em></span> <span class='ocrx_word' id='word_1_256' title='bbox 649 3148 684 3208; x_wconf 79' lang='lat' dir='ltr'><em>eb</em></span> <span class='ocrx_word' id='word_1_257' title='bbox 715 3145 787 3208; x_wconf 89' lang='lat' dir='ltr'><em>eius</em></span> <span class='ocrx_word' id='word_1_258' title='bbox 818 3144 995 3209; x_wconf 78' lang='lat' dir='ltr'><em>cellerario</em></span> <span class='ocrx_word' id='word_1_259' title='bbox 1025 3143 1158 3207; x_wconf 79' lang='lat' dir='ltr'><em>factum</em></span> <span class='ocrx_word' id='word_1_260' title='bbox 1181 3142 1251 3205; x_wconf 76' lang='lat' dir='ltr'><em>fuit</em></span> <span class='ocrx_word' id='word_1_261' title='bbox 1273 3164 1322 3207; x_wconf 86' lang='lat' dir='ltr'><em>re-</em></span> 
     </span>
    </p>

    <p class='ocr_par' dir='ltr' id='par_1_12' title="bbox 161 3231 1010 3312">
     <span class='ocr_line' id='line_1_31' title="bbox 161 3231 1010 3312; baseline -0.004 -15"><span class='ocrx_word' id='word_1_262' title='bbox 161 3265 188 3306; x_wconf 66' lang='lat'><em>30</em></span> <span class='ocrx_word' id='word_1_263' title='bbox 365 3233 474 3297; x_wconf 83' lang='lat' dir='ltr'><em>feram</em></span> <span class='ocrx_word' id='word_1_264' title='bbox 498 3233 571 3296; x_wconf 88' lang='lat' dir='ltr'><em>add.</em></span> <span class='ocrx_word' id='word_1_265' title='bbox 596 3232 691 3295; x_wconf 86' lang='lat' dir='ltr'><em>Ala.</em></span> <span class='ocrx_word' id='word_1_266' title='bbox 716 3231 761 3296; x_wconf 72' lang='lat' dir='ltr'><em>a‘.</em></span> <span class='ocrx_word' id='word_1_267' title='bbox 786 3233 814 3296; x_wconf 91' lang='lat' dir='ltr'><em>b.</em></span> <span class='ocrx_word' id='word_1_268' title='bbox 838 3233 868 3296; x_wconf 89' lang='lat' dir='ltr'><em>d.</em></span> <span class='ocrx_word' id='word_1_269' title='bbox 893 3239 923 3296; x_wconf 95' lang='grc'><em>2.</em></span> <span class='ocrx_word' id='word_1_270' title='bbox 948 3237 1010 3312; x_wconf 80' lang='grc' dir='ltr'><em>2α,·</em></span> 
     </span>
    </p>

    <p class='ocr_par' dir='ltr' id='par_1_13' title="bbox 244 3315 1321 3562">
     <span class='ocr_line' id='line_1_32' title="bbox 244 3315 1321 3404; baseline -0.003 -19"><span class='ocrx_word' id='word_1_271' title='bbox 244 3323 341 3403; x_wconf 67' lang='lat' dir='ltr'><em>Leo.</em></span> <span class='ocrx_word' id='word_1_272' title='bbox 366 3343 405 3387; x_wconf 91' lang='lat' dir='ltr'><em>eo</em></span> <span class='ocrx_word' id='word_1_273' title='bbox 429 3321 602 3384; x_wconf 75' lang='lat' dir='ltr'><em>habentur</em></span> <span class='ocrx_word' id='word_1_274' title='bbox 623 3321 660 3383; x_wconf 93' lang='lat' dir='ltr'><em>in</em></span> <span class='ocrx_word' id='word_1_275' title='bbox 683 3315 770 3404; x_wconf 82' lang='lat' dir='ltr'><em>loco]</em></span> <span class='ocrx_word' id='word_1_276' title='bbox 795 3320 892 3385; x_wconf 76' lang='lat' dir='ltr'><em>Ana.</em></span> <span class='ocrx_word' id='word_1_277' title='bbox 913 3327 943 3384; x_wconf 88' lang='lat'><em>3.</em></span> <span class='ocrx_word' id='word_1_278' title='bbox 964 3326 1016 3384; x_wconf 75' lang='lat' dir='ltr'><em>Aa.</em></span> <span class='ocrx_word' id='word_1_279' title='bbox 1040 3318 1136 3383; x_wconf 89' lang='lat' dir='ltr'><em>Bla.</em></span> <span class='ocrx_word' id='word_1_280' title='bbox 1161 3325 1197 3396; x_wconf 90' lang='grc'><em>2;</em></span> <span class='ocrx_word' id='word_1_281' title='bbox 1223 3320 1321 3384; x_wconf 82' lang='lat' dir='ltr'><em>coha-</em></span> 
     </span>
     <span class='ocr_line' id='line_1_33' title="bbox 367 3403 1320 3493; baseline -0.004 -19"><span class='ocrx_word' id='word_1_282' title='bbox 367 3411 493 3474; x_wconf 79' lang='lat' dir='ltr'><em>bentur</em></span> <span class='ocrx_word' id='word_1_283' title='bbox 508 3404 552 3493; x_wconf 87' lang='lat' dir='ltr'><em>(A</em></span> <span class='ocrx_word' id='word_1_284' title='bbox 565 3415 614 3472; x_wconf 92' lang='lat' dir='ltr'><em>la.</em></span> <span class='ocrx_word' id='word_1_285' title='bbox 633 3408 683 3490; x_wconf 51' lang='grc' dir='ltr'><em>αἳ</em></span> <span class='ocrx_word' id='word_1_286' title='bbox 706 3430 772 3492; x_wconf 88' lang='lat' dir='ltr'><em>quo</em></span> <span class='ocrx_word' id='word_1_287' title='bbox 796 3411 969 3474; x_wconf 76' lang='lat' dir='ltr'><em>habentur</em></span> <span class='ocrx_word' id='word_1_288' title='bbox 984 3409 1016 3472; x_wconf 88' lang='lat' dir='ltr'><strong><em>A</em></strong></span> <span class='ocrx_word' id='word_1_289' title='bbox 1029 3408 1076 3472; x_wconf 90' lang='lat' dir='ltr'><em>lb.</em></span> <span class='ocrx_word' id='word_1_290' title='bbox 1091 3429 1115 3473; x_wconf 93' lang='lat' dir='ltr'><em>c.</em></span> <span class='ocrx_word' id='word_1_291' title='bbox 1129 3408 1159 3471; x_wconf 92' lang='lat' dir='ltr'><em>d.</em></span> <span class='ocrx_word' id='word_1_292' title='bbox 1177 3414 1207 3472; x_wconf 90' lang='grc'><em>2.</em></span> <span class='ocrx_word' id='word_1_293' title='bbox 1221 3407 1262 3472; x_wconf 73' lang='lat'><em>3‘.</em></span> <span class='ocrx_word' id='word_1_294' title='bbox 1276 3403 1320 3491; x_wconf 72' lang='lat'><em>3*)</em></span> 
     </span>
     <span class='ocr_line' id='line_1_34' title="bbox 365 3497 592 3562; baseline -0.013 0"><span class='ocrx_word' id='word_1_295' title='bbox 365 3501 403 3562; x_wconf 91' lang='lat' dir='ltr'><em>in</em></span> <span class='ocrx_word' id='word_1_296' title='bbox 426 3499 501 3562; x_wconf 90' lang='lat' dir='ltr'><em>loeo</em></span> <span class='ocrx_word' id='word_1_297' title='bbox 524 3497 592 3562; x_wconf 87' lang='lat' dir='ltr'><em>red.</em></span> 
     </span>
    </p>
   </div>
   <div class='ocr_carea' id='block_1_4' title="bbox 161 3603 1323 4483">
    <p class='ocr_par' dir='ltr' id='par_1_14' title="bbox 161 3603 1323 4483">
     <span class='ocr_line' id='line_1_35' title="bbox 208 3603 1319 3687; baseline -0.002 -17"><span class='ocrx_word' id='word_1_298' title='bbox 208 3607 318 3686; x_wconf 81' lang='lat' dir='ltr'><em>Neque</em></span> <span class='ocrx_word' id='word_1_299' title='bbox 350 3626 423 3670; x_wconf 87' lang='lat' dir='ltr'><em>cero</em></span> <span class='ocrx_word' id='word_1_300' title='bbox 450 3603 589 3687; x_wconf 77' lang='lat' dir='ltr'><em>propria</em></span> <span class='ocrx_word' id='word_1_301' title='bbox 623 3603 812 3685; x_wconf 74' lang='lat' dir='ltr'><em>exemplaris</em></span> <span class='ocrx_word' id='word_1_302' title='bbox 844 3624 867 3667; x_wconf 87' lang='lat' dir='ltr'><em>n</em></span> <span class='ocrx_word' id='word_1_303' title='bbox 900 3603 1008 3669; x_wconf 87' lang='lat' dir='ltr'><em>omnia</em></span> <span class='ocrx_word' id='word_1_304' title='bbox 1040 3603 1204 3670; x_wconf 89' lang='lat' dir='ltr'><em>reicienda</em></span> <span class='ocrx_word' id='word_1_305' title='bbox 1236 3610 1319 3668; x_wconf 81' lang='lat' dir='ltr'><em>eunt.</em></span> 
     </span>
     <span class='ocr_line' id='line_1_36' title="bbox 162 3691 1321 3774; baseline -0.001 -16"><span class='ocrx_word' id='word_1_306' title='bbox 162 3726 188 3766; x_wconf 69' lang='lat' dir='ltr'><em>a</em></span> <span class='ocrx_word' id='word_1_307' title='bbox 206 3693 346 3759; x_wconf 85' lang='lat' dir='ltr'><em>Eubibet</em></span> <span class='ocrx_word' id='word_1_308' title='bbox 373 3693 457 3758; x_wconf 91' lang='lat' dir='ltr'><em>enim</em></span> <span class='ocrx_word' id='word_1_309' title='bbox 486 3699 615 3758; x_wconf 83' lang='lat' dir='ltr'><em>eneunte</em></span> <span class='ocrx_word' id='word_1_310' title='bbox 637 3699 733 3774; x_wconf 78' lang='lat' dir='ltr'><em>parte</em></span> <span class='ocrx_word' id='word_1_311' title='bbox 756 3695 867 3774; x_wconf 78' lang='lat' dir='ltr'><em>priore</em></span> <span class='ocrx_word' id='word_1_312' title='bbox 890 3691 932 3773; x_wconf 91' lang='lat' dir='ltr'><em>(c.</em></span> <span class='ocrx_word' id='word_1_313' title='bbox 952 3700 990 3756; x_wconf 88' lang='grc'><em>17</em></span> <span class='ocrx_word' id='word_1_314' title='bbox 1007 3691 1072 3774; x_wconf 86' lang='lat' dir='ltr'><em>en.)</em></span> <span class='ocrx_word' id='word_1_315' title='bbox 1103 3693 1202 3758; x_wconf 86' lang='lat' dir='ltr'><em>iocum</em></span> <span class='ocrx_word' id='word_1_316' title='bbox 1230 3692 1321 3766; x_wconf 85' lang='lat' dir='ltr'><em>iilum</em></span> 
     </span>
     <span class='ocr_line' id='line_1_37' title="bbox 206 3780 1321 3864; baseline -0.001 -16"><span class='ocrx_word' id='word_1_317' title='bbox 206 3783 379 3848; x_wconf 89' lang='lat' dir='ltr'><em>iucundum</em></span> <span class='ocrx_word' id='word_1_318' title='bbox 394 3785 438 3848; x_wconf 95' lang='lat' dir='ltr'><em>ad</em></span> <span class='ocrx_word' id='word_1_319' title='bbox 452 3781 717 3847; x_wconf 77' lang='lat' dir='ltr'><em>conversationem</em></span> <span class='ocrx_word' id='word_1_320' title='bbox 732 3780 835 3846; x_wconf 90' lang='lat' dir='ltr'><em>sancti</em></span> <span class='ocrx_word' id='word_1_321' title='bbox 853 3803 923 3846; x_wconf 95' lang='lat' dir='ltr'><em>cum</em></span> <span class='ocrx_word' id='word_1_322' title='bbox 936 3781 1018 3860; x_wconf 86' lang='lat' dir='ltr'><em>feris</em></span> <span class='ocrx_word' id='word_1_323' title='bbox 1032 3781 1227 3846; x_wconf 80' lang='lat' dir='ltr'><em>siluestribus</em></span> <span class='ocrx_word' id='word_1_324' title='bbox 1241 3803 1321 3864; x_wconf 77' lang='lat' dir='ltr'><em>spec·</em></span> 
     </span>
     <span class='ocr_line' id='line_1_38' title="bbox 208 3867 1323 3954; baseline -0.001 -18"><span class='ocrx_word' id='word_1_325' title='bbox 208 3878 332 3954; x_wconf 82' lang='lat' dir='ltr'><em>tantem,</em></span> <span class='ocrx_word' id='word_1_326' title='bbox 363 3892 452 3953; x_wconf 82' lang='lat' dir='ltr'><em>quem</em></span> <span class='ocrx_word' id='word_1_327' title='bbox 482 3877 591 3936; x_wconf 92' lang='lat' dir='ltr'><em>auctor</em></span> <span class='ocrx_word' id='word_1_328' title='bbox 612 3870 767 3950; x_wconf 79' lang='lat' dir='ltr'><em>referente</em></span> <span class='ocrx_word' id='word_1_329' title='bbox 794 3867 998 3952; x_wconf 74' lang='lat' dir='ltr'><em>Obaauoaido</em></span> <span class='ocrx_word' id='word_1_330' title='bbox 1027 3871 1169 3954; x_wconf 77' lang='lat' dir='ltr'><em>episcopo</em></span> <span class='ocrx_word' id='word_1_331' title='bbox 1191 3871 1323 3935; x_wconf 88' lang='lat' dir='ltr'><em>Laudu·</em></span> 
     </span>
     <span class='ocr_line' id='line_1_39' title="bbox 207 3958 1322 4042; baseline -0.004 -16"><span class='ocrx_word' id='word_1_332' title='bbox 207 3961 300 4026; x_wconf 88' lang='lat' dir='ltr'><em>nensi</em></span> <span class='ocrx_word' id='word_1_333' title='bbox 323 3959 476 4042; x_wconf 77' lang='lat' dir='ltr'><em>accepisse</em></span> <span class='ocrx_word' id='word_1_334' title='bbox 498 3959 605 4023; x_wconf 87' lang='lat' dir='ltr'><em>uoluit.</em></span> <span class='ocrx_word' id='word_1_335' title='bbox 651 3959 689 4023; x_wconf 87' lang='lat' dir='ltr'><em>Is</em></span> <span class='ocrx_word' id='word_1_336' title='bbox 713 3958 835 4040; x_wconf 76' lang='lat' dir='ltr'><em>‘postea&#39;</em></span> <span class='ocrx_word' id='word_1_337' title='bbox 859 3961 990 4038; x_wconf 84' lang='lat' dir='ltr'><em>demum,</em></span> <span class='ocrx_word' id='word_1_338' title='bbox 1020 3958 1057 4022; x_wconf 88' lang='lat' dir='ltr'><em>id</em></span> <span class='ocrx_word' id='word_1_339' title='bbox 1085 3965 1131 4022; x_wconf 85' lang='lat' dir='ltr'><em>est</em></span> <span class='ocrx_word' id='word_1_340' title='bbox 1151 3965 1226 4040; x_wconf 79' lang='lat' dir='ltr'><em>post</em></span> <span class='ocrx_word' id='word_1_341' title='bbox 1247 3959 1322 4023; x_wconf 87' lang='lat' dir='ltr'><em>ret-</em></span> 
     </span>
     <span class='ocr_line' id='line_1_40' title="bbox 205 4046 1321 4132; baseline -0.003 -19"><span class='ocrx_word' id='word_1_342' title='bbox 205 4049 372 4132; x_wconf 66' lang='lat' dir='ltr'><em>ectionem,</em></span> <span class='ocrx_word' id='word_1_343' title='bbox 390 4048 577 4114; x_wconf 82' lang='lat' dir='ltr'><em>Columbani</em></span> <span class='ocrx_word' id='word_1_344' title='bbox 587 4047 733 4112; x_wconf 88' lang='lat' dir='ltr'><em>minister</em></span> <span class='ocrx_word' id='word_1_345' title='bbox 743 4054 773 4112; x_wconf 93' lang='lat' dir='ltr'><em>et</em></span> <span class='ocrx_word' id='word_1_346' title='bbox 783 4046 956 4128; x_wconf 75' lang='lat' dir='ltr'><em>disciputus</em></span> <span class='ocrx_word' id='word_1_347' title='bbox 970 4053 1047 4127; x_wconf 89' lang='lat' dir='ltr'><em>erat,</em></span> <span class='ocrx_word' id='word_1_348' title='bbox 1065 4068 1134 4111; x_wconf 91' lang='lat' dir='ltr'><em>cum</em></span> <span class='ocrx_word' id='word_1_349' title='bbox 1149 4048 1236 4128; x_wconf 68' lang='lat' dir='ltr'><em>apud</em></span> <span class='ocrx_word' id='word_1_350' title='bbox 1246 4046 1321 4110; x_wconf 89' lang='lat' dir='ltr'><em>Bri-</em></span> 
     </span>
     <span class='ocr_line' id='line_1_41' title="bbox 161 4134 1322 4220; baseline -0.009 -12"><span class='ocrx_word' id='word_1_351' title='bbox 161 4170 189 4208; x_wconf 80' lang='lat'><em>40</em></span> <span class='ocrx_word' id='word_1_352' title='bbox 205 4137 350 4220; x_wconf 72' lang='lat' dir='ltr'><em>cantiam</em></span> <span class='ocrx_word' id='word_1_353' title='bbox 364 4137 418 4201; x_wconf 87' lang='lat' dir='ltr'><em>itte</em></span> <span class='ocrx_word' id='word_1_354' title='bbox 434 4137 692 4218; x_wconf 82' lang='lat' dir='ltr'><em>commorabatur,</em></span> <span class='ocrx_word' id='word_1_355' title='bbox 708 4136 756 4200; x_wconf 92' lang='lat' dir='ltr'><em>ita</em></span> <span class='ocrx_word' id='word_1_356' title='bbox 767 4142 802 4199; x_wconf 93' lang='lat' dir='ltr'><em>ut</em></span> <span class='ocrx_word' id='word_1_357' title='bbox 812 4135 1060 4200; x_wconf 83' lang='lat' dir='ltr'><em>narratiuncula</em></span> <span class='ocrx_word' id='word_1_358' title='bbox 1074 4134 1112 4198; x_wconf 92' lang='lat' dir='ltr'><em>in</em></span> <span class='ocrx_word' id='word_1_359' title='bbox 1127 4135 1230 4199; x_wconf 88' lang='lat' dir='ltr'><em>attera</em></span> <span class='ocrx_word' id='word_1_360' title='bbox 1245 4134 1322 4198; x_wconf 85' lang='lat' dir='ltr'><em>iibri</em></span> 
     </span>
     <span class='ocr_line' id='line_1_42' title="bbox 202 4222 1320 4307; baseline -0.004 -17"><span class='ocrx_word' id='word_1_361' title='bbox 202 4232 297 4307; x_wconf 79' lang='lat' dir='ltr'><em>parte</em></span> <span class='ocrx_word' id='word_1_362' title='bbox 321 4222 362 4304; x_wconf 91' lang='lat' dir='ltr'><em>(c.</em></span> <span class='ocrx_word' id='word_1_363' title='bbox 380 4231 432 4289; x_wconf 85' lang='grc'><strong>27.</strong></span> <span class='ocrx_word' id='word_1_364' title='bbox 452 4223 510 4305; x_wconf 84' lang='grc'><em>28)</em></span> <span class='ocrx_word' id='word_1_365' title='bbox 535 4225 716 4290; x_wconf 79' lang='lat' dir='ltr'><em>collocanda</em></span> <span class='ocrx_word' id='word_1_366' title='bbox 745 4224 866 4306; x_wconf 75' lang='lat' dir='ltr'><em>fuisset,</em></span> <span class='ocrx_word' id='word_1_367' title='bbox 896 4243 1024 4303; x_wconf 79' lang='lat' dir='ltr'><em>eamque</em></span> <span class='ocrx_word' id='word_1_368' title='bbox 1046 4244 1116 4287; x_wconf 93' lang='lat' dir='ltr'><em>cum</em></span> <span class='ocrx_word' id='word_1_369' title='bbox 1133 4223 1320 4304; x_wconf 74' lang='lat' dir='ltr'><em>praeceden-</em></span> 
     </span>
     <span class='ocr_line' id='line_1_43' title="bbox 208 4311 1321 4394; baseline -0.003 -17"><span class='ocrx_word' id='word_1_370' title='bbox 208 4314 291 4378; x_wconf 88' lang='lat' dir='ltr'><em>tibus</em></span> <span class='ocrx_word' id='word_1_371' title='bbox 312 4313 442 4378; x_wconf 88' lang='lat' dir='ltr'><em>minime</em></span> <span class='ocrx_word' id='word_1_372' title='bbox 465 4311 629 4377; x_wconf 76' lang='lat' dir='ltr'><em>cohaerere</em></span> <span class='ocrx_word' id='word_1_373' title='bbox 645 4313 754 4392; x_wconf 75' lang='lat' dir='ltr'><em>primo</em></span> <span class='ocrx_word' id='word_1_374' title='bbox 771 4319 862 4394; x_wconf 79' lang='lat' dir='ltr'><em>potet</em></span> <span class='ocrx_word' id='word_1_375' title='bbox 883 4318 1017 4393; x_wconf 77' lang='lat' dir='ltr'><em>aspectu.</em></span> <span class='ocrx_word' id='word_1_376' title='bbox 1065 4311 1152 4376; x_wconf 75' lang='lat' dir='ltr'><em>Sane</em></span> <span class='ocrx_word' id='word_1_377' title='bbox 1175 4331 1212 4374; x_wconf 92' lang='lat' dir='ltr'><em>ea</em></span> <span class='ocrx_word' id='word_1_378' title='bbox 1235 4312 1321 4375; x_wconf 89' lang='lat' dir='ltr'><em>abest</em></span> 
     </span>
     <span class='ocr_line' id='line_1_44' title="bbox 208 4397 1321 4483; baseline -0.002 -17"><span class='ocrx_word' id='word_1_379' title='bbox 208 4403 238 4466; x_wconf 81' lang='lat' dir='ltr'><em>b.</em></span> <span class='ocrx_word' id='word_1_380' title='bbox 263 4403 283 4466; x_wconf 83' lang='lat' dir='ltr'><em>b.</em></span> <span class='ocrx_word' id='word_1_381' title='bbox 316 4423 382 4468; x_wconf 93' lang='lat' dir='ltr'><em>non</em></span> <span class='ocrx_word' id='word_1_382' title='bbox 415 4402 514 4466; x_wconf 82' lang='lat' dir='ltr'><em>sotum</em></span> <span class='ocrx_word' id='word_1_383' title='bbox 548 4422 570 4463; x_wconf 96' lang='lat' dir='ltr'><em>a</em></span> <span class='ocrx_word' id='word_1_384' title='bbox 603 4401 781 4466; x_wconf 87' lang='lat' dir='ltr'><em>recensione</em></span> <span class='ocrx_word' id='word_1_385' title='bbox 814 4401 856 4483; x_wconf 89' lang='lat' dir='ltr'><em>B,</em></span> <span class='ocrx_word' id='word_1_386' title='bbox 892 4403 947 4466; x_wconf 87' lang='lat' dir='ltr'><em>sed</em></span> <span class='ocrx_word' id='word_1_387' title='bbox 979 4398 1074 4464; x_wconf 90' lang='lat' dir='ltr'><em>etiarn</em></span> <span class='ocrx_word' id='word_1_388' title='bbox 1109 4423 1130 4464; x_wconf 93' lang='lat' dir='ltr'><em>a</em></span> <span class='ocrx_word' id='word_1_389' title='bbox 1164 4397 1321 4464; x_wconf 89' lang='lat' dir='ltr'><em>codicibus</em></span> 
     </span>
    </p>
   </div>
   <div class='ocr_carea' id='block_1_5' title="bbox 260 4505 1125 4563">
    <p class='ocr_par' dir='ltr' id='par_1_15' title="bbox 260 4505 1125 4563">
     <span class='ocr_line' id='line_1_45' title="bbox 260 4505 1125 4563; baseline -0.003 -1"><span class='ocrx_word' id='word_1_390' title='bbox 260 4524 333 4563; x_wconf 75' lang='lat' dir='ltr'><em>Iona.</em></span> <span class='ocrx_word' id='word_1_391' title='bbox 1107 4505 1125 4559; x_wconf 89' lang='lat'>8</span> 
     </span>
    </p>
   </div>
   <div class='ocr_carea' id='block_1_6' title="bbox 0 0 1616 5032">
    <p class='ocr_par' dir='ltr' id='par_1_16' title="bbox 0 0 1616 5032">
     <span class='ocr_line' id='line_1_46' title="bbox 0 0 1616 5032; baseline 0 0"><span class='ocrx_word' id='word_1_392' title='bbox 0 0 1616 5032; x_wconf 95' lang='lat' dir='ltr'><em> </em></span> 
     </span>
    </p>
   </div>
  </div>
 </body>
</html>
