3222 5030
286 479 305 534 8
500 472 626 542 IONAS,
643 467 761 528 VITAE
780 469 1010 527 OOLUMBANI
1028 469 1136 526 LIBRI
1154 470 1194 528 H.

286 657 412 724 vnnali
427 655 599 722 etiamtunc
614 655 782 720 haererent
798 652 1004 734 Caesarium,
1022 653 1213 719 dominicam
1223 653 1409 735 paschalem

287 769 352 813 non
376 746 582 812 admittebant
605 750 678 809 ante
701 743 784 808 diora
800 749 852 807 25.
870 742 1007 823 Martii,
1025 742 1227 808 aestimantes
1242 765 1274 808 se
1296 742 1333 807 in
1349 743 1409 808 bac

287 834 501 902 observatione
529 832 635 898 sancti
664 853 702 898 ac
731 833 824 897 laude
853 831 946 913 dipni
969 831 1079 914 patris
1107 831 1257 897 Anatolii
1288 831 1409 913 scripta

286 931 405 990 secutos
434 923 535 1003 esse¹,·
564 920 712 986 Anatolii
741 941 813 986 vero
842 920 1026 986 nitebantur
1055 941 1120 986 non
1150 921 1231 986 libro
1258 920 1407 1003 pennino,

286 1017 343 1080 sed
364 1014 458 1093 falso,
489 1032 581 1093 arcem
603 1016 737 1076 sectator
758 1008 889 1090 auidam
912 1029 1020 1074 eoram
1042 1011 1087 1074 ad
1109 1009 1287 1076 doctrinam
1310 1011 1441 1074 dome-s

286 1102 399 1168 sticum
421 1101 677 1180 confirmandam
699 1099 871 1178 annnam.
917 1098 968 1162 Ab
991 1098 1189 1164 adversariis
1214 1099 1251 1163 id
1271 1098 1408 1164 manime

286 1191 369 1273 ipsis
391 1188 522 1255 crimini
545 1190 691 1268 dabatur,
716 1187 800 1267 qnod
822 1187 901 1252 luna
921 1186 1024 1252 XIV.
1045 1209 1115 1252 cnm
1134 1185 1267 1252 Iudaeis
1285 1188 1408 1270 pasoba

288 1281 500 1360 celebrarent,
533 1299 602 1342 cum
637 1283 741 1341 antem
771 1275 1031 1341 resurrectionem
1063 1276 1255 1342 dominicam
1288 1297 1408 1358 sonipes·

288 1370 492 1433 observarent
519 1387 618 1447 nevile
647 1366 758 1430 lunam
782 1362 882 1429 XIV.
914 1366 1127 1447 approbarent
1155 1365 1222 1430 nisi
1251 1364 1409 1431 dominico

288 1456 340 1522 die
364 1455 609 1538 provenientem,
640 1455 680 1519 ab
703 1453 860 1536 inmeritis
883 1459 1006 1518 tantum
1029 1475 1092 1536 pro
1119 1453 1452 1536 quartodecimanus

287 1544 400 1610 baberi
422 1549 575 1626 poterant
602 1543 745 1624 iustoque
775 1542 846 1607 inre
869 1541 943 1607 bnic
966 1542 1111 1624 opinioni
1132 1543 1200 1608 iam
1221 1543 1316 1608 Beda
1338 1563 1408 1608 con·
1475 1541 1477 1546 ’

288 1633 499 1699 trudiveratss.
567 1633 624 1697 Ad
673 1631 757 1696 diem
802 1632 988 1713 paschalem
1036 1633 1279 1714 computandum
1324 1633 1408 1714 vpclo

288 1721 496 1787 LXXXIV
520 1741 680 1786 annornm
713 1721 891 1803 utebantur,
926 1720 982 1802 qni
1015 1727 1089 1786 ante
1119 1721 1293 1786 Victoriam
1322 1722 1409 1802 apud

287 1811 425 1876 Latinos
442 1810 481 1875 in
498 1831 559 1876 usu
573 1810 690 1890 fuerat,
714 1811 853 1892 leposque
867 1809 905 1875 in
920 1809 1034 1892 quibus
1048 1811 1222 1875 baerebant
1237 1810 1408 1892 pasobales

287 1899 410 1964 Romae
442 1922 472 1964 a.
498 1903 696 1963 sle—342.
720 1897 897 1981 vipnerant.
944 1898 1127 1964 Missurum
1160 1899 1326 1964 sollemnia
1359 1897 1452 1967 in-1s

288 1987 522 2054 simulabantur
544 1987 805 2069 multiplicatione
834 1986 1015 2053 orationum
1043 1988 1092 2052 vel
1114 1988 1312 2053 collectarum
1335 1988 1406 2052 cele-

288 2078 413 2142 brare4.
460 2076 617 2142 Missulia
646 2096 726 2158 quae
756 2083 866 2141 entant
894 2076 1033 2158 oripinis
1054 2075 1259 2158 Hibernicae,
1290 2076 1408 2142 scilicet

289 2166 447 2231 Stouense
476 2165 612 2246 aliaque,
643 2165 740 2229 ritum
769 2165 885 2230 missae
914 2167 1321 2246 repraesentantium,
1352 2165 1408 2247 qni

204 2280 268 2330 *aa
288 2261 362 2319 ante
384 2255 575 2337 Greporinm
594 2254 645 2318 Μ.
664 2253 761 2318 etiam
779 2254 900 2318 Romae
918 2255 1098 2318 observatus
1120 2260 1166 2318 est
1175 2254 1195 2316 ⁵.
1236 2253 1406 2336 'Derviqne

287 2349 323 2407 ut
345 2343 413 2408 alia
429 2342 691 2425 praetermittam,
716 2341 815 2406 Scotti
835 2341 951 2422 capitis
969 2363 1088 2406 comum
1111 2342 1206 2407 aliter
1228 2345 1406 2422 tondebant,
1425 2373 1452 2412 so

288 2431 388 2497 aliurn
412 2433 625 2498 characterem
653 2429 891 2512 eeprinoentes⁶.
944 2429 1087 2511 Capillus
1116 2430 1201 2495 enim
1230 2453 1336 2496 eornm
1366 2433 1406 2497 ab

288 2541 367 2586 aare
390 2522 434 2585 ad
455 2542 566 2585 aurem
582 2541 644 2601 per
666 2519 803 2598 frontem
825 2518 864 2583 in
884 2539 1020 2583 coronae
1041 2521 1167 2585 modum
1186 2520 1310 2586 inmens
1327 2528 1405 2601 erat,

281 2629 344 2691 per
367 2609 546 2690 campilium
569 2613 674 2672 antem
695 2607 842 2672 intonsus
863 2608 1054 2688 dependebat
1064 2609 1083 2690 ⁷,
1107 2608 1156 2674 ita
1176 2616 1212 2674 nt
1227 2609 1266 2674 in
1288 2609 1407 2690 frontis

287 2697 414 2780 quidem
442 2696 609 2779 superficie
638 2716 772 2760 coronae
800 2695 960 2760 videretvr
987 2697 1119 2778 speciem
1142 2699 1322 2780 praeferre,
1353 2701 1409 2764 sed

287 2785 325 2850 in
348 2785 466 2851 cervice
488 2807 527 2850 ea
549 2787 713 2849 decurtata
735 2786 843 2849 essem.
886 2785 1034 2851 Tonsnra
1055 2787 1132 2852 baec
1150 2789 1190 2852 ab
1208 2786 1407 2852 adversariis
1425 2817 1452 2856 ss

289 2873 476 2939 &maniaco
498 2873 726 2955 appellabatur,
757 2873 813 2954 qni
841 2873 905 2955 ipsi
938 2895 1086 2940 coronam
1115 2876 1252 2957 evemplo
1278 2876 1407 2958 spineae

287 2962 377 3026 illius
399 2961 534 3028 Domini
563 2961 600 3026 in
629 2961 730 3043 capite
752 2965 936 3044 portabant.
983 2964 1028 3030 In
1061 2965 1245 3030 nniversam
1278 2966 1408 3030 ecclesia

289 3051 465 3116 Scottorum
487 3050 525 3115 in
547 3071 581 3114 eo
604 3056 688 3115 statu
704 3059 971 3134 perseveraverat,
996 3073 1086 3135 onem
1108 3054 1238 3120 ecclesia
1256 3055 1407 3119 Romana

287 3140 411 3204 saeculo
435 3139 501 3204 IV.
524 3139 653 3204 inennte
675 3139 860 3224 obtinuerat,
892 3162 1005 3224 eaeque
1027 3164 1108 3224 quae
1132 3149 1242 3224 postea
1264 3143 1301 3207 in
1323 3143 1408 3208 banc

287 3227 486 3294 introductae
519 3234 613 3292 erant
645 3230 883 3296 eonsuetudines
917 3252 1023 3296 omnes
1059 3231 1145 3314 v'psos
1182 3231 1334 3314 superant
1370 3231 1408 3296 in
1426 3262 1452 3300 so

288 3323 424 3381 entremo
448 3316 557 3382 oceani
580 3315 655 3382 sitos
664 3319 686 3382 ⁹.

395 3423 548 3488 Potestati
582 3423 707 3490 ordinis
744 3426 881 3508 episcopi
915 3427 1094 3493 dioecesani
1129 3427 1341 3493 Oolnmbanus
1375 3449 1407 3492 se

288 3511 417 3576 omnino
439 3514 649 3594 subtranerot,
679 3513 726 3579 ita
755 3521 792 3579 ut
813 3517 917 3581 altare
939 3516 976 3581 in
998 3516 1188 3582 monasterio
1211 3516 1408 3582 mocclena·

287 3599 448 3682 episcopus
479 3601 601 3667 Scottus
630 3602 773 3668 Aidns¹⁰
806 3604 933 3670 nomine
967 3604 1218 3670 consecravisset.
1266 3604 1407 3670 Diversa

288 3811 315 3878 1)
339 3810 423 3878 Beda,
441 3811 478 3866 H.
498 3813 554 3867 eccl.
573 3813 629 3880 III,
642 3816 667 3868 3.
758 3817 785 3882 2)
812 3815 928 3866 Librum
946 3814 1078 3866 Anutbolr'
1100 3814 1133 3866 de
1156 3814 1260 3865 ratione
1280 3813 1409 3880 paschali
1426 3828 1452 3868 so

286 3885 412 3948 spartum
447 3883 520 3936 vdtdr'
556 3885 675 3936 ‘Strictim
711 3901 764 3937 eur
794 3883 1193 3937 christian-mittelalterlr'cben
1224 3883 1406 3950 Obronotopr'e'

282 3970 312 4020 p.
326 3955 377 4008 311
391 3970 446 4022 sqq.
509 3955 538 4023 3)
556 3956 639 4022 Beda,
657 3956 694 4010 H.
715 3957 773 4010 eccl.
791 3957 848 4023 III,
861 3959 887 4010 4.
948 3957 976 4021 4)
994 3955 1024 4010 V.
1044 3955 1160 4009 Cotumb.
1179 3955 1219 4021 II,
1233 3957 1258 4009 9.
1318 3955 1345 4024 5)
1363 3956 1406 4021 Cf.

288 4026 316 4078 C.
329 4024 429 4092 sinon,
450 4026 593 4079 ‘Keltr'scbe
608 4027 717 4078 Ktrcbe'
736 4025 865 4092 (Hereoq,
887 4027 1109 4091 ‘Itealencytrlopr
1123 4025 1201 4092 VIII,
1215 4023 1308 4092 352²),
1326 4044 1408 4094 qnam

284 4097 497 4150 dissertationem
509 4115 534 4152 a.
547 4099 623 4152 1901.
637 4100 791 4149 retractavit
804 4097 840 4152 H.
850 4098 970 4148 Zimmer
982 4097 1026 4163 (ib.
1040 4097 1076 4163 X,
1087 4095 1156 4151 204³
1165 4100 1247 4164 sqq,);
1259 4098 1293 4154 F.
1302 4097 1408 4164 Probet,

287 4167 347 4220 ‘Dic
359 4167 579 4220 abendldndtscbe
591 4169 675 4220 Messe
689 4182 746 4219 vom
760 4170 847 4222 b.-8.
862 4167 982 4232 Jahrb),
994 4167 1157 4220 Monosterr'r'
1170 4171 1248 4235 1896,
1263 4187 1293 4237 p.
1307 4173 1343 4225 34
1351 4187 1406 4238 sqq.
1425 4183 1453 4224 to

285 4240 314 4305 6)
329 4240 359 4294 V.
381 4239 497 4294 Ootnmb.
516 4240 556 4304 II,
570 4242 594 4294 9.
663 4240 689 4304 7)
708 4239 835 4303 Drnonpe
852 4253 874 4292 s.
894 4255 916 4292 v.
936 4240 1076 4294 ‘tonsuru'.
1142 4241 1171 4308 8)
1192 4241 1275 4306 Beda,
1293 4241 1330 4296 H.
1350 4243 1407 4297 eccl.

290 4311 322 4376 r,
335 4313 378 4366 21.
446 4309 473 4380 o)
493 4311 538 4362 Ira
555 4315 622 4362 reae
639 4309 932 4376 centuriones.
997 4310 1103 4380 10)0t.
1124 4311 1406 4380 culmensem
1592 4297 1594 4384 )

286 4381 364 4446 (ora.
384 4381 436 4448 cp.
454 4381 509 4446 HI,
525 4383 597 4439 167).
628 4380 725 4445 Attus,
745 4395 820 4447 quen
838 4381 956 4433 savum
974 4383 1057 4448 nae
1071 4366 1190 4450 panib,
1209 4385 1298 4451 quola
1315 4385 1407 4450 uum,
1593 4389 1594 4420 s

281 4455 423 4518 perspentt
441 4450 594 4516 Aliunde,
614 4451 886 4519 ‘Kircbmpescbv'obtc
904 4454 1109 4508 Dcutscblunds'
1127 4454 1243 4523 152663
1263 4457 1331 4508 idem
1349 4457 1408 4520 for-
