3226 5034
439 445 566 532 roris,
584 463 682 519 vrri
699 463 889 520 rosarum
908 464 1082 522 acerris.
1273 471 1326 524 341

206 646 452 724 subcumbunt,
484 648 566 710 dum
590 648 770 713 elationis²
790 642 948 713 stimoloi
967 649 1197 714 inbecillitate
1220 651 1327 713 animi

208 736 465 819 perturbantur,
491 737 572 800 dum
597 738 778 821 superbiae
796 737 925 800 malum
945 739 1058 802 anime
1074 739 1149 802 Deo
1166 739 1321 804 dicatae⁰

208 819 469 902 vulneranturd,
501 847 522 889 a
557 827 751 890 consorcia⁰
779 827 948 890 iustorum
983 821 1135 891 abscisaf
1163 831 1198 891 et
1232 829 1327 891 omni

208 914 334 995 gaudio
364 917 552 998 perpetuae
574 915 662 978 lucis
693 916 826 998 private
850 918 991 979 eternog
1012 917 1166 980 cruciato
1191 917 1325 980 damne-

174 995 362 1068 srenturh.
409 1003 488 1086 Ipse
511 1024 592 1068 vero
621 1004 759 1068 ieiuniis
790 1008 825 1068 et
848 1004 976 1087 vigiliis
999 1025 1134 1074 vacans,
1166 1005 1325 1070 omnibus

206 1091 388 1155 inlecebris
411 1085 559 1168 aelisisi,
583 1092 838 1176 pullulantibus
856 1093 1054 1169 virtutibus,
1079 1094 1185 1157 animi
1207 1094 1325 1177 rigore

208 1181 357 1264 corporis
372 1175 573 1265 voluptatek
591 1182 779 1265 prohibuit,
798 1185 840 1244 ut
855 1182 1003 1264 ignitum
1020 1176 1100 1246 illol
1121 1183 1202 1265 igne
1219 1183 1326 1247 animi

208 1269 425 1346 desiderium,
451 1271 493 1334 de
517 1291 584 1352 quo
607 1271 687 1353 igne
705 1270 874 1335 Dominus
898 1271 963 1334 ait:
988 1269 1484 1351 Ipuemueua'ma'ttereaue.1a,u.

206 1357 243 1420 c'u
266 1363 404 1439 terram·
432 1365 552 1438 quercum
567 1358 644 1438 colo,
675 1364 711 1423 ut
739 1358 878 1423 ardeat?
907 1363 947 1422 ut
977 1361 1131 1424 omnium
1154 1360 1323 1424 virtutum

162 1473 188 1510 ιο
206 1447 363 1510 fructusn
386 1447 595 1523 adtraheret,
627 1449 713 1512 hoc⁰
736 1449 879 1512 verbum
909 1469 1042 1532 semper
1066 1449 1167 1513 corde
1198 1452 1234 1513 et
1265 1470 1323 1514 ore

198 1536 417 1619 proferrens:
443 1534 630 1616 Uoucupc'cit
646 1536 778 1600 uuluae
797 1557 868 1600 uteo
886 1535 1067 1601 desiderare
1081 1536 1325 1616 iustificationes
1342 1562 1479 1612 ranam.

207 1629 279 1687 tuos
300 1623 337 1687 c'u
360 1623 446 1688 omui
475 1631 617 1705 temporo,
648 1629 684 1690 et
713 1627 814 1690 item:
846 1625 925 1690 Ideo
956 1625 1055 1689 dileuc'
1083 1627 1239 1690 meudula
1268 1632 1324 1691 luo
1342 1651 1457 1693 annu.

205 1732 300 1792 super
322 1733 402 1776 auro
420 1718 449 1777 et
466 1713 622 1794 iopoaiou.
662 1715 821 1779 Fratresq
841 1717 1034 1790 cohortans,
1059 1715 1160 1778 vultu
1179 1715 1320 1779 hilarisl

207 1805 241 1866 et
257 1802 348 1866 letus
360 1803 449 1866 facie
462 1803 659 1881 monebat⁸,
677 1805 810 1868 dicens:
831 1802 949 1884 Veuc'te,
966 1803 1137 1868 exultemus
1148 1801 1322 1884 Duuiuot,
1341 1828 1372 1868 a.
1382 1829 1417 1879 u,
1427 1829 1448 1868 1.
1459 1830 1480 1872 a.

161 1917 187 1955 ιε
205 1889 372 1954 iubilemus
401 1890 471 1955 Deo
500 1891 640 1956 solutari
671 1898 788 1956 uestro.
835 1891 1081 1974 Preoccuperuus
1110 1892 1227 1971 faciem
1256 1891 1324 1956 eius

205 1978 241 2042 iu
264 1979 460 2058 confessione
482 1986 512 2044 et
532 1979 570 2043 iu
585 1979 723 2061 psalmis
740 1979 907 2044 iubilemus
930 1979 969 2044 ec'.
1015 1979 1133 2061 Veuc'te,
1157 1982 1324 2045 odoremus
1341 2006 1432 2049 aar.

205 2074 234 2132 et
262 2066 468 2148 procidamus
502 2075 575 2133 oute
597 2068 774 2133 Dominum
808 2067 874 2150 [etu
895 2070 1057 2150 ploremus
1086 2075 1161 2134 oute
1189 2067 1321 2150 Deou,

204 2156 260 2238 qud
288 2155 364 2235 fecii
385 2177 452 2238 uos,
483 2156 561 2238 quia
589 2157 656 2238 epse
685 2163 731 2222 est
756 2157 903 2222 domiuus
925 2158 1037 2222 Deusv
1056 2164 1170 2222 uester.
1218 2158 1323 2242 Operi
1341 2183 1428 2225 aar.

204 2247 356 2330 piissimo
381 2247 483 2311 corde
514 2251 549 2310 et
573 2267 714 2331 corpore
737 2243 884 2324 'vacans
910 2248 1147 2312 memorabatw
1163 2251 1322 2312 sanctum
1341 2271 1430 2322 aare.

157 2361 186 2400 ao
205 2336 350 2398 Paulum
376 2336 510 2414 dixisse,
546 2337 575 2400 si
607 2329 730 2420 [quis¹]
755 2357 824 2400 non
854 2337 1053 2410 laborasset,
1089 2358 1214 2420 panem
1249 2337 1322 2400 sine
1341 2359 1502 2411 ammana

204 2425 357 2507 periculo
387 2446 457 2489 non
487 2425 657 2508 potuisset
687 2446 831 2490 sumere.
878 2425 924 2488 Et
953 2427 1128 2508 requirens
1158 2426 1323 2489 instituta

204 2516 400 2576 sanctorum
440 2520 588 2597 patrum,
624 2515 715 2578 inter
754 2515 881 2577 multas
919 2514 1121 2579 collationes
1160 2516 1322 2598 precipue

204 2603 316 2666 sancti
338 2602 472 2667 Yseac¹
507 2603 643 2668 abbatis
680 2597 867 2687 [Soithael']
908 2604 1100 2668 doctrinam
1139 2605 1320 2677 meditans,

203 2712 264 2775 pro
289 2690 420 2755 Christi
454 2693 641 2757 dilectione
676 2714 711 2757 se
746 2693 915 2756 coartavit
950 2695 985 2757 et
1020 2713 1155 2757 crucem
1191 2693 1322 2757 domini

158 2805 185 2844 as
203 2782 313 2844 nostri
331 2781 413 2845 Iesu
429 2779 559 2845 Christi
581 2803 651 2846 non
676 2782 849 2859 erubuiu,
874 2783 933 2846 sed
957 2783 1118 2866 portavit.
1158 2781 1321 2865 Semperl

203 2871 346 2932 habens²
368 2876 525 2950 profunde
548 2877 736 2934 humilitatis
751 2878 940 2934 inconcussa
954 2877 1154 2944 fundamina,
1179 2877 1218 2933 ab
1235 2877 1322 2932 omni
1340 2855 1472 2961 effipia

202 2965 327 3020 lubrice
350 2952 682 3038 impulsationisb
706 2966 843 3022 incursu
865 2966 1016 3021 animum
1038 2965 1191 3021 inhibuit
1214 2969 1254 3020 ot
1275 2965 1321 3020 ita

203 3053 357 3124 paulatim
392 3068 437 3108 ex
471 3053 742 3126 contemplatione
776 3053 916 3108 divina
950 3069 987 3109 ao
1022 3053 1162 3126 spiritali
1196 3053 1322 3109 intuitu

204 3140 353 3196 meruit
384 3139 556 3196 sublimari.
604 3139 839 3197 Sollicitudine⁰
867 3157 972 3196 rerum
1002 3141 1175 3197 carnalium
1205 3138 1322 3218 preter

158 3245 186 3283 ao
205 3225 315 3285 certas
339 3218 576 3286 necessitatis(l
598 3229 785 3303 generaliter
807 3229 951 3286 abscidit
978 3234 1017 3286 et
1040 3227 1177 3286 nullius⁰
1200 3230 1322 3304 negocii

364 3465 416 3513 cap.
432 3465 466 3507 18.
496 3467 535 3504 rr
550 3467 588 3514 (aa
602 3467 617 3505 ι.
629 3466 672 3515 11).
688 3466 707 3508 a
721 3467 744 3506 c.

310 3573 372 3621 Gap.
388 3572 422 3612 18.
446 3572 647 3623 a)eietionirA1.
686 3572 709 3623 b)
729 3577 757 3616 st,
770 3572 921 3611 inbecillitatis
936 3573 988 3621 A13
1008 3572 1129 3612 stimulatio
1143 3571 1207 3622 (corr.
1223 3572 1321 3623 stimulo)

204 3631 228 3666 et
242 3627 388 3666 inbecillitate
402 3626 449 3664 Ar.
512 3627 533 3676 o)
552 3625 601 3668 dec.
614 3627 662 3676 Al,
677 3637 734 3665 corr.
797 3623 820 3676 d)
840 3630 863 3664 et
876 3626 928 3664 add.
943 3626 991 3665 At.
1054 3626 1075 3677 e)
1093 3627 1125 3664 ita
1138 3626 1190 3674 ΔΙ)
1205 3626 1321 3665 consoroio

203 3680 252 3718 Ar.
267 3681 291 3718 0.
339 3680 356 3730 t)
371 3679 452 3718 abscisi
466 3684 489 3718 et
503 3691 524 3718 ο.
539 3681 591 3728 Α1;
606 3679 699 3718 abscisis
712 3680 774 3718 omni
787 3679 834 3720 Aa
882 3679 903 3728 g)
918 3679 1068 3720 eternaaAI.
1117 3678 1140 3729 h)
1154 3680 1244 3728 ιἰαΔις
1260 3677 1322 3718 dam-

159 3734 185 3774 at
205 3733 355 3782 nentur123
377 3731 553 3781 dampnaremur
567 3733 590 3771 C.
672 3733 689 3783 i)
710 3733 773 3772 elicis
787 3738 811 3772 et
825 3744 847 3781 p.
863 3733 902 3771 ,42
917 3735 969 3779 (nou
982 3734 1016 3781 C).
1093 3732 1117 3783 k)
1138 3734 1254 3772 voluntate
1268 3733 1320 3782 2113

203 3787 345 3835 voluptatem
359 3787 411 3835 123
426 3787 556 3834 voluptates
569 3787 592 3826 0.
649 3785 665 3834 l)
679 3787 710 3824 ita
724 3787 776 3835 ΔΞ)
798 3786 893 3833 ignitum
907 3786 970 3824 iilum
985 3797 1004 3828 a.
1018 3786 1070 3834 ⁴415
1092 3786 1175 3833 ignitus
1189 3786 1249 3825 illius
1263 3787 1321 3835 ignis

204 3850 282 3878 amore
295 3841 319 3878 G,
375 3839 406 3888 m)
420 3850 486 3887 quem
500 3840 547 3881 Aa
601 3839 624 3890 n)
639 3840 681 3878 sibi
695 3841 746 3878 add.
761 3840 801 3878 Aa
816 3842 867 3886 (om.
883 3840 930 3880 Ar.
946 3839 978 3887 0).
1032 3842 1054 3887 ο)
1068 3841 1100 3877 iia
1113 3840 1143 3886 0,·
1156 3840 1197 3878 hoe
1211 3840 1264 3888 113
1279 3840 1322 3878 hec

203 3893 274 3931 verba
287 3892 335 3931 A2.
377 3893 400 3944 p)
414 3893 509 3941 sequitur
522 3893 543 3934 V.
558 3893 666 3941 wentae
680 3894 740 3940 (iude
753 3905 766 3930 a
780 3893 849 3931 verbis
864 3897 886 3932 et
900 3893 965 3931 iussit
979 3896 1046 3942 eam),
1061 3904 1124 3931 meu
1136 3903 1179 3931 non
1193 3893 1321 3942 inempta,

203 3946 251 3984 Ar.
307 3949 330 3994 q)
350 3957 405 3985 vero
420 3947 471 3985 add.
486 3947 538 3994 Am
560 3957 602 3985 om.
617 3947 641 3985 0.
696 3947 716 3997 r)
737 3947 807 3997 ylaris
821 3947 869 3984 aa.
930 3947 949 3996 r)
971 3947 1002 3984 ua
1016 3947 1045 3993 0,·
1065 3944 1321 3988 murcomannum.

158 4000 186 4038 40
204 3997 221 4048 t)
243 4009 278 4037 ex.
294 3999 318 4037 in
331 3997 385 4038 onio
399 3999 447 4037 Ar.
525 3999 548 4050 u)
570 4005 593 4038 et
606 4000 637 4048 pl.
652 4011 673 4039 a.
689 4000 716 4042 D.
732 4011 772 4041 ou.
786 4000 838 4048 ,12)
860 4000 1001 4039 haimos
1014 3999 1087 4038 LXX.
1169 4000 1193 4050 v)
1214 3997 1259 4039 deu
1272 3999 1321 4042 At.

205 4054 235 4098 w)
249 4063 334 4091 memor
348 4057 397 4092 erat
411 4064 429 4092 r.
444 4053 469 4094 P.
484 4053 612 4101 precepisse
626 4054 649 4092 G.
705 4056 729 4102 x)
742 4054 775 4091 ita
788 4053 818 4100 0,-
831 4063 873 4091 om.
888 4053 935 4092 Aa
977 4054 1001 4104 y)
1019 4054 1053 4091 ita
1066 4053 1095 4100 0,·
1110 4063 1152 4094 om.
1167 4054 1214 4095 12.
1255 4053 1275 4103 a)
1289 4053 1322 4090 ita

204 4105 233 4153 0,·
254 4105 398 4145 eribuitA2.
466 4108 488 4152 ιι)
509 4117 553 4154 que
566 4107 617 4148 aad.
630 4107 657 4144 Β.
673 4106 696 4148 G.
762 4107 785 4153 b)
806 4106 939 4154 inpulsionis
953 4105 980 4145 Β.
996 4107 1019 4145 0.
1037 4097 1053 4129 ⁰
1084 4106 1104 4157 c)
1125 4111 1201 4145 autem
1215 4106 1266 4144 add.
1281 4105 1321 4144 Ah

203 4159 257 4204 (non
270 4159 296 4200 B.
310 4160 343 4206 0).
407 4155 431 4210 d)
452 4159 483 4197 ita
497 4160 544 4198 Aa
609 4161 630 4207 e)
650 4160 683 4197 ita
696 4159 903 4206 13.ccumcau.,·
922 4160 989 4199 ullius
1004 4160 1050 4203 Aa

205 4371 232 4440 1)
252 4371 392 4423 DeIeaoc
410 4371 544 4429 abbatae,
564 4371 697 4437 Caraca,
718 4372 810 4426 Callet.
829 4371 880 4426 IX.
947 4373 974 4440 2)
993 4373 1063 4424 Sunt
1077 4373 1156 4425 cuba
1174 4373 1253 4424 Isaac
1271 4372 1318 4424 ab·

146 4453 185 4518 vao
205 4442 275 4494 hatis
292 4443 366 4510 aprcd
384 4443 517 4509 Caecina,
538 4443 629 4498 Colat.
646 4443 698 4508 IX,
712 4446 737 4507 3,
751 4446 774 4497 1.
