3222 5030
267 417 303 472 33
480 411 606 483 Ionos,
618 411 742 468 VITAE
760 411 991 468 COLUMBANI
1009 409 1118 467 LIBRI
1133 409 1173 468 H.

268 596 445 678 otiabantur,
475 597 520 662 ad
548 597 684 662 aiteram
712 617 785 662 cero
808 595 1002 678 prirpatione
1035 593 1195 660 citiorum.
1249 593 1389 660 Satietas

267 691 359 768 atque
381 685 516 752 ebrietas
545 684 718 768 supientiae
744 692 847 766 mant,
882 684 1028 766 aunan
1061 683 1135 748 oiiis
1168 704 1208 748 ea
1241 683 1386 766 oleribus,

267 773 485 858 lepuminibus,
508 774 626 854 farina
648 773 743 856 aquis
764 773 866 839 orinia
884 773 1071 840 consistebat
1092 794 1162 838 cum
1178 793 1283 854 parco
1299 793 1388 854 pane

260 863 442 946 pammano
465 859 594 942 (Germ.
612 861 827 946 ‘Zraiebacic'),
851 885 890 928 ne
912 868 1019 928 center
1041 867 1229 926 oneraretur
1249 866 1278 926 et
1299 881 1388 926 meus

266 952 485 1032 suffocaretur.
524 951 576 1016 De
599 973 695 1017 carue
717 951 819 1033 ipitur
838 951 1050 1018 Columbanus
1062 971 1105 1022 ,ne
1119 951 1247 1016 verbum
1261 949 1387 1032 quiderm
1406 974 1420 1014 s

265 1041 361 1123 fecit,
394 1062 464 1106 cum
494 1046 599 1106 autem
629 1046 745 1106 constet
768 1041 887 1106 Scotios
910 1039 1053 1122 piscatui
1076 1041 1245 1104 admodum
1268 1038 1388 1104 deditos

265 1129 376 1212 fuisse,
400 1151 466 1195 non
487 1129 557 1194 sine
579 1150 678 1194 causa
700 1129 880 1194 conclusum
903 1134 955 1210 est,
982 1127 1135 1193 nmiorem
1157 1127 1258 1193 motus
1280 1149 1387 1193 eorum

259 1225 388 1301 partem
412 1217 556 1300 piscibus
579 1217 753 1284 constitisse
763 1218 784 1281 1.
836 1217 958 1284 Cotidie
983 1217 1195 1282 ieiunandum
1224 1223 1302 1298 orat,
1332 1218 1388 1282 sed

266 1308 448 1389 carercturn,
479 1328 518 1372 ne
541 1306 735 1372 abstinentia
756 1308 883 1372 modum
912 1307 1061 1372 excedens
1083 1305 1264 1388 profectum
1293 1305 1386 1388 spiri·

265 1396 381 1460 tuaiem
403 1395 579 1477 impediret.
626 1395 719 1460 Inter
740 1396 830 1477 citio,
860 1397 899 1460 de
924 1394 1038 1477 quibus
1060 1401 1126 1460 octo
1149 1393 1387 1477 principatibus
1406 1418 1433 1458 ια

271 1483 484 1550 Ociumbanus
513 1505 687 1550 immonem
711 1485 908 1566 peculiarem
938 1483 1046 1565 edidit,
1081 1503 1171 1566 quem
1201 1483 1293 1548 tertio
1322 1485 1387 1549 ioca

267 1571 367 1639 ‘Ordo
395 1572 500 1638 sancti
526 1573 714 1639 Columbani
743 1573 867 1640 abbatis
896 1575 934 1638 ae
963 1572 1030 1638 rita
1064 1579 1093 1638 et
1125 1571 1249 1638 actione
1280 1593 1387 1638 mona·

265 1661 403 1728 cborum'
429 1661 565 1728 continet
573 1665 594 1743 2,
618 1683 714 1744 quam
729 1663 867 1728 manicon
882 1663 1143 1742 abborrebantur,
1167 1661 1281 1743 quibus
1304 1663 1386 1728 bona

266 1750 374 1816 omnia
396 1751 664 1833 interimerentur,
688 1751 817 1817 vanitas
839 1758 869 1816 et
888 1749 1039 1834 pioriatio
1061 1751 1156 1816 elata.
1195 1751 1251 1815 Ab
1273 1749 1387 1816 discer-

265 1842 372 1905 nenda
401 1842 483 1905 bona
512 1847 542 1906 et
570 1841 659 1906 maia
689 1840 861 1906 discrimen
889 1839 1053 1905 monacbis
1080 1839 1295 1904 necessarium
1318 1845 1432 1904 erata

264 1935 295 1994 ct
321 1928 474 2011 imprimis
503 1931 685 2009 cavendum,
718 1951 758 1994 ne
787 1931 880 1994 rebus
909 1935 967 1995 aut
994 1928 1141 1994 secundis
1171 1927 1307 1992 nimium
1337 1949 1386 1993 ec-

265 2017 447 2084 tollerentur
480 2025 537 2084 aut
570 2018 715 2084 adversis
752 2018 887 2083 nimium
925 2017 1185 2099 deprimerentur.
1239 2016 1387 2099 Denique

265 2107 422 2207 spnaaim
424 2107 473 2172 oei
484 2129 610 2173 cursum
619 2108 819 2190 psalmorum
831 2106 1051 2173 storatianum
1061 2107 1188 2170 mortum
1199 2106 1387 2171 canonicum

264 2195 330 2259 ritu
353 2195 513 2261 seniorum
535 2216 665 2261 suorum
694 2194 955 2261 Coiurubanus't
928 2201 976 2260 rta
998 2194 1075 2259 insti
1072 2195 1189 2276 ',tuerat
1219 2201 1255 2260 ut
1219 2194 1386 2348 aprima

265 2282 301 2347 in
303 2289 349 2348 ter
303 2283 649 2348 treverendissimos
672 2283 794 2348 domini
782 2304 847 2348 scos
865 2283 1032 2349 sabbatave
1047 2289 1139 2366 atque
1155 2283 1299 2437 officium
1315 2283 1385 2349 coti·
1404 2309 1432 2348 so

265 2371 399 2437 dianam
411 2371 626 2453 disttinpueret,
639 2370 858 2437 deindeet'tram
869 2378 1041 2454 terriporum
1052 2372 1219 2454 qualitatis
1229 2379 1283 2438 rat
1285 2373 1385 2437 ionem

264 2459 401 2526 beonet.
453 2459 595 2526 Oursus³
624 2459 709 2526 enirn
739 2459 863 2543 ionpior
888 2482 950 2544 per
978 2461 1089 2544 ionpas
1119 2469 1230 2543 noctes,
1262 2461 1386 2526 breuior

258 2569 321 2631 per
343 2549 448 2615 neces
471 2569 536 2614 esso
558 2547 588 2614 ei
610 2548 698 2614 usus
721 2555 798 2614 erat.
843 2550 948 2632 Quare
967 2571 1005 2616 en
1028 2551 1132 2616 VIII.
1149 2551 1213 2616 bai.
1230 2551 1294 2615 Iut.
1315 2572 1384 2616 cum

264 2637 366 2702 noctis
388 2642 554 2722 aupmenio
576 2637 692 2703 senum
724 2657 859 2704 crescere
888 2639 994 2722 coepit
1025 2639 1122 2720 finita
1152 2645 1256 2704 antem
1285 2639 1384 2704 bieme

264 2746 303 2790 ea
325 2726 430 2792 VIII.
448 2725 512 2791 bai.
532 2726 614 2808 Apr.
632 2746 771 2809 parrer
793 2727 910 2794 sensim
934 2729 1117 2794 decrescere.
1161 2727 1258 2811 Oripo
1274 2749 1385 2794 cursus
1403 2753 1431 2792 ss

265 2815 441 2881 Scottorum
465 2813 595 2898 proprii
618 2816 663 2881 ad
684 2817 806 2882 beatum
829 2817 982 2882 Marcum
1004 2817 1139 2884 saeculis
1155 2817 1385 2899 posterioribus

264 2903 367 2969 relata
397 2909 450 2983 est,
481 2904 563 2969 sicca
585 2909 694 2970 auctor
716 2903 841 2989 ipuotus
871 2906 946 2971 iibri
969 2907 1007 2972 do
1030 2927 1178 2972 cursuum
1201 2905 1384 2972 ecciesiasti-

264 3011 372 3058 corum
395 2990 519 3076 oripine
542 2997 674 3060 testatur
696 2991 748 3060 bis
770 2994 913 3060 verbis⁴:

265 3187 291 3248 1)
314 3184 357 3250 Cf.
375 3183 508 3253 Rettberp,
529 3183 742 3252 Kircbcupescb.
759 3186 963 3240 Deutscbiands’
976 3189 1017 3254 II,
1031 3191 1091 3248 680
1146 3188 1174 3257 2)
1193 3188 1239 3240 Ita
1257 3195 1386 3255 quattuor

264 3255 423 3310 conabant
445 3269 577 3310 motatur
602 3257 739 3324 inscripsit
765 3260 850 3311 editor
874 3262 1034 3312 unissimus
1059 3261 1167 3313 Seebass
1192 3259 1343 3326 (‘Zeitscbr
1363 3262 1431 3324 i‘·³⁰

263 3325 478 3394 Kircbeupcscb!
504 3325 587 3396 XIV,
610 3343 640 3396 p
660 3331 783 3397 Itisqq..)
831 3332 1009 3384 Callinicum
1035 3347 1187 3384 sermonum
1213 3346 1281 3398 quae
1308 3332 1385 3382 titulo

264 3398 407 3451 ‘lmuuou
406 3413 468 3451 onas
498 3397 661 3452 cenoman*
691 3402 930 3468 circumferebatur
959 3404 1015 3470 ipsi
1045 3405 1114 3454 mate
1144 3402 1302 3452 attributam
1332 3417 1384 3452 csse

262 3472 396 3522 statuuat
425 3469 459 3524 A.
482 3467 580 3523 Haucic
609 3471 760 3537 (Qaaucbr
787 3477 807 3540 f.
833 3474 930 3528 icircbi.
955 3475 1110 3526 Wissensch
1141 3473 1198 3524 und
1228 3471 1385 3522 icircbticbes

263 3538 366 3608 Libia,
386 3539 423 3596 ai
442 3539 587 3609 Iaitbardt,
607 3541 717 3610 Lipsiae
736 3546 1050 3611 188544157—364),
1077 3545 1139 3595 bene
1163 3543 1383 3607 animadvertens,

263 3611 312 3680 qui
329 3611 360 3663 irt
377 3611 552 3665 inmixtione
565 3615 681 3666 secunda
693 3615 749 3678 (Mt
747 3631 798 3681 pne
807 3561 929 3681 LXXX,
950 3617 996 3669 coi.
1010 3617 1076 3673 233)
1095 3615 1241 3666 umbratur
1253 3609 1384 3663 Faustum
1403 3629 1430 3668 so

263 3695 318 3735 non
335 3696 389 3736 esra
407 3681 571 3750 Campatium
591 3633 765 3738 Columbanty
768 3693 976 3754 praeceptorem,
1001 3686 1046 3738 sut
1063 3685 1199 3737 Reieuscm
1224 3684 1303 3734 iilum
1324 3684 1384 3734 aeic-

263 3753 417 3809 berrimum.
454 3755 578 3808 Attamen
599 3773 652 3824 per
669 3757 835 3810 Seebassium
853 3757 1002 3824 (QZetuebr
1022 3759 1042 3821 f.
1062 3755 1277 3820 Kichbcnpescb
1296 3754 1383 3821 XIII,

259 3827 434 3893 pblbsqq.)
451 3831 578 3892 quattuor
595 3844 659 3894 quos
677 3828 740 3879 ttici
756 3843 888 3881 sermones
900 3827 1061 3880 Columbaria
1077 3833 1168 3879 nostro
1184 3829 1282 3878 iterum
1297 3828 1385 3878 uindi-

264 3898 318 3948 cati
345 3901 423 3961 sunt,
454 3901 608 3951 assentiente
637 3899 723 3951 codem
754 3901 787 3954 A.
816 3898 921 3964 Haucic,
954 3897 1177 3964 ‘Kirciunpescb’
1205 3898 1229 3964 I,
1256 3914 1286 3964 p.
1305 3898 1383 3952 261³.

263 3967 291 4038 3)
310 3966 409 4020 Locum
427 3968 563 4033 difficilem
581 3971 690 4037 reputas
703 3969 930 4023 Ooiurnbanianae
947 3972 1138 4034 interpretatus
1154 3971 1185 4022 aie
1200 3985 1295 4022 cursus
1307 3971 1385 4038 psai·
1403 3983 1431 4022 io

263 4054 369 4091 morum
387 4041 492 4091 ratione
511 4043 563 4107 epit
583 4041 615 4096 G.
631 4041 731 4107 Μανία,
752 4040 934 4107 ‘Emptioatiou
953 4040 1019 4092 ci'un
1035 4055 1150 4108 passape
1167 4043 1198 4093 cie
1218 4043 1245 4092 ia
1263 4040 1335 4106 ripis
1353 4042 1384 4091 de

262 4112 335 4162 saint
349 4110 489 4163 Coiomban
508 4112 604 4178 relatis
620 4111 637 4163 ct
657 4111 751 4177 i’offioe
768 4113 814 4163 cies
826 4113 925 4164 matrim
942 4112 1072 4178 scitiques'
1084 4113 1195 4178 (‘Recue
1207 4111 1384 4178 Bentdictine,

263 4181 423 4235 Maredsous
437 4182 523 4245 1895'.
537 4183 605 4250 XII,
621 4199 650 4250 p.
665 4185 718 4237 200
727 4186 788 4249 so).
846 4182 874 4252 4)
893 4183 946 4237 aa.
959 4181 1081 4234 Hadrian
1092 4189 1116 4235 et
1128 4183 1231 4251 Stubbs,
1251 4183 1385 4236 ‘Counciis

263 4254 319 4304 and
344 4254 526 4306 embesiasticai
550 4256 700 4308 documents
724 4254 840 4320 reiatinp
858 4261 884 4306 to
905 4254 988 4306 Grcat
1007 4255 1118 4308 Britain
1144 4257 1200 4307 anci
1217 4255 1340 4308 Ireiand'
1359 4254 1384 4318 I,

258 4340 288 4389 p.
305 4327 363 4378 139.
391 4324 500 4390 Auctor,
520 4328 567 4392 qui
584 4327 653 4377 citas
672 4325 809 4391 (immani,
828 4325 911 4393 Lupi,
932 4325 1096 4394 Columbani,
1115 4328 1247 4393 Eristasii,
1266 4326 1385 4378 Atbaiue
1402 4338 1429 4378 aa

263 4395 369 4460 inperat,
398 4396 543 4448 monachus
571 4401 629 4448 erat
655 4398 725 4448 ritui
748 4397 895 4449 Hiberniae
920 4399 1043 4449 addictus
1071 4414 1181 4466 αανοααα
1205 4397 1385 4462 Karoii'nyico
