3222 5030
280 495 319 548 20
493 487 618 558 lom,
630 488 753 544 VITAE
772 488 1003 545 COLUMBANI
1020 487 1129 554 LIBRI
1146 488 1187 546 11.

281 673 320 738 Is
342 671 476 754 deniwe
499 671 701 738 solitudinem
727 692 813 737 more
840 692 897 736 suo
926 671 1041 736 iterum
1070 671 1162 736 adire
1191 670 1401 753 desiderabat,

282 781 411 842 cumque
433 768 628 844 capnoseeret
649 762 749 826 mcum
771 761 911 826 ubertate
925 761 1105 842 fecundum,
1122 761 1216 842 aquis
1231 759 1401 842 iniquum,

188 875 265 924 uus.
275 849 416 934 piscium
450 849 541 931 copia
576 849 748 932 'lusionem
781 849 942 914 Bobium1
975 849 1102 914 nomine
1138 849 1175 914 in
1208 848 1403 931 Apennino²

282 938 377 1004 mum
400 959 466 1004 esse
489 938 659 1004 edricum
685 938 824 1003 ciusdem
854 937 1003 1018 nominis,
1033 937 1123 1003 baud
1145 938 1261 1020 procul
1287 937 1403 1003 Trebia

282 1027 339 1093 illo
369 1028 496 1111 perfido
525 1028 659 1107 fluenta,
695 1048 729 1092 eo
758 1048 791 1091 se
820 1026 952 1092 contulit
984 1026 1209 1108 basilicamque
1241 1047 1323 1108 auae
1356 1027 1438 1092 ibis

283 1117 411 1181 eatabat
441 1116 474 1181 S.
499 1115 590 1180 Petri
619 1115 803 1180 semirutam
826 1115 937 1197 prisco
966 1115 1071 1180 decori
1100 1115 1268 1180 restituens
1296 1136 1403 1180 omna-

283 1205 413 1269 sterium
438 1205 498 1269 SS.
516 1203 607 1268 Petri
630 1211 660 1268 et
681 1203 781 1269 Pauli
804 1209 983 1269 construere
999 1203 1143 1285 parauit.
1182 1205 1334 1286 Mopna³
1356 1203 1404 1270 ibi

283 1293 509 1357 monachorum
532 1292 732 1374 oonprepatio
755 1292 924 1358 coniuncta
946 1299 1000 1373 est,
1024 1293 1061 1357 de
1077 1292 1192 1358 litteris
1207 1291 1403 1358 bumoniori·

284 1383 342 1447 bus
371 1380 484 1464 optinue
512 1381 643 1462 merita,
678 1380 966 1462 monasteriumque
1000 1381 1232 1446 celeberrimum
1261 1404 1283 1445 a
1310 1380 1403 1464 prin·

284 1469 409 1554 cipibus
442 1469 659 1552 nobilibusque
692 1469 919 1552 Lanpobardis
949 1469 1202 1552 persuasionibus
1236 1471 1324 1552 larpe
1358 1469 1451 1536 cli-10

285 1565 385 1624 tatum
407 1559 454 1623 vel
477 1558 628 1641 episcopii
650 1579 764 1624 nomen
787 1557 921 1640 denique
943 1558 1059 1624 meruit
1067 1560 1089 1622 ⁴.

392 1681 549 1747 Miliaria
571 1689 719 1764 qreaduor
741 1703 779 1747 eu
802 1682 889 1747 unni
913 1682 1010 1747 latere
1033 1681 1183 1748 basilicae
1211 1681 1403 1748 Columbaria

285 1771 508 1852 monachisque
530 1771 599 1836 eires
621 1771 789 1853 Apilulfius
811 1777 955 1853 cesserat,
980 1771 1110 1836 licentio
1138 1771 1307 1836 babitandi
1329 1793 1403 1856 per-

286 1860 401 1941 missa,
437 1881 536 1941 neque
565 1859 733 1940 quicquam
763 1866 924 1942 exceperat
949 1866 1081 1944 praeter
1108 1860 1197 1944 putei
1226 1859 1402 1942 dimidium,

286 1949 370 2030 quod
391 1947 569 2014 Sandrarit
590 1948 660 2013 ciro
682 1948 854 2031 mapnifico
877 1947 943 2014 iam
966 1950 1084 2013 dudum
1114 1955 1308 2014 concesserat
1336 1970 1404 2014 una
1423 1975 1450 2014 ιε

286 2059 355 2102 oum
378 2037 477 2119 lipnis
500 2039 545 2103 ad
565 2038 648 2102 soles
671 2040 853 2119 coquendos.
901 2037 1079 2103 Sandrarit
1100 2058 1164 2102 esse
1186 2037 1404 2102 Sandrarium

286 2126 378 2191 illurn
416 2129 524 2191 ducem
557 2127 859 2208 Lanpobardorurn,
900 2126 956 2209 qui
993 2127 1087 2191 rebus
1119 2128 1199 2204 bene
1234 2127 1330 2208 pestis
1367 2127 1404 2191 de

287 2213 434 2296 Apilulfo
456 2214 582 2296 musque
604 2236 779 2280 successore
802 2215 916 2299 optime
938 2215 1069 2280 meritus
1091 2215 1191 2296 erati.
1216 2222 1304 2280 acute
1335 2236 1404 2280 con-

287 2303 361 2368 iecit
383 2303 422 2366 L.
445 2303 497 2390 Μ
514 2303 734 2385 Har¹tmann⁶,
759 2324 888 2384 menone
909 2303 1012 2384 ipsius
1034 2302 1090 2367 oia
1111 2303 1279 2385 qumquam
1301 2303 1404 2368 numi-

288 2391 373 2456 nerit
387 2399 521 2476 praeter
543 2392 793 2457 corctinuotorom
816 2389 970 2473 Prosperi
984 2391 1224 2456 Hacniensem⁷
1247 2399 1451 2477 auctoramus

287 2480 355 2560 fere
377 2481 528 2563 ipnotnm,
553 2481 608 2562 qui
630 2502 727 2563 usque
749 2482 794 2544 ad
815 2486 926 2545 nostra
948 2485 1087 2562 tempora
1111 2480 1148 2545 in
1170 2480 1303 2546 scriniis
1331 2480 1404 2546 deli-

287 2576 399 2651 tuerat,
430 2569 513 2634 idem
536 2575 704 2653 praecepto
727 2569 865 2650 Apilullt
895 2575 923 2633 et
945 2569 1057 2650 quibus
1086 2569 1168 2634 illud
1196 2571 1405 2650 confirmatur

288 2660 407 2724 duobus
421 2658 609 2723 Adalnaldi
626 2659 726 2740 fidem
748 2657 927 2722 babendum
949 2679 1014 2723 esse
1036 2665 1116 2724 recte
1139 2658 1306 2724 coniecisse
1325 2657 1405 2722 milei

287 2747 420 2812 uidetur.
471 2748 558 2828 Quae
587 2746 624 2810 in
647 2746 758 2811 oborta
781 2745 949 2811 Ludowiei
971 2746 1024 2811 ΙΙ.
1055 2770 1085 2811 o.
1111 2753 1187 2812 860.
1215 2746 1405 2812 monasterio

286 2835 443 2900 Bobiensi
473 2835 638 2900 concessa8
661 2841 943 2900 cornmemorontnr
961 2842 1130 2918 praecepto
1158 2843 1189 2901 et
1209 2835 1347 2919 Apilulfi
1377 2841 1407 2900 et
1423 2845 1451 2900 ss

287 2923 476 2988 Adalwaldi
510 2923 705 3004 aliorumque
734 2944 843 3004 repum
873 2926 917 2988 ad
945 2923 1158 2990 immunitatis
1191 2925 1405 3005 defensionem

288 3005 469 3094 spectabant
499 3032 597 3092 neque
630 3011 705 3076 inde
739 3011 883 3077 concludi
917 3012 988 3078 licet
1021 3013 1172 3079 cessionis
1205 3014 1334 3079 abactas
1368 3015 1405 3078 de

288 3099 401 3182 quibus
424 3099 532 3182 apitur
554 3106 628 3165 turre
654 3099 801 3165 extitisse.
856 3101 975 3167 Puteus
1003 3101 1057 3167 ille
1080 3103 1288 3168 Hortmonno
1317 3102 1405 3167 oisus

287 3195 334 3254 est
365 3189 440 3268 sons
474 3210 539 3254 esse
568 3188 694 3253 salinus
728 3189 787 3254 loci
816 3189 1026 3273 Piancasole‚
1062 3191 1152 3256 cuius
1185 3191 1328 3257 sanandi
1357 3190 1405 3255 uis

287 3279 439 3360 hodieque
475 3277 587 3360 mapni
627 3277 823 3344 aestimatur.
892 3279 1054 3362 Alpeoella
1098 3301 1179 3362 quoe
1224 3281 1451 3365 appellaturus

288 3524 315 3588 1)
343 3522 374 3574 V.
393 3522 511 3576 Columb.
527 3522 606 3588 130.
697 3523 726 3592 2)
751 3525 865 3577 Bobium
884 3526 920 3576 ud
939 3528 1105 3592 prouinciam
1123 3525 1208 3590 Alpes
1226 3523 1327 3576 Cottius
1341 3540 1406 3589 per·

287 3593 386 3646 tenebat
406 3599 467 3646 tede
483 3593 580 3660 Paulo,
598 3594 671 3650 Hui.
690 3595 809 3662 Lanpob
826 3596 877 3661 IV,
891 3598 938 3650 41:
958 3594 1175 3660 coenobiumque
1194 3592 1268 3660 quod
1285 3592 1406 3646 Bobium

288 3663 443 3732 appellat-ur
460 3663 489 3716 in
506 3663 626 3732 Alpibus
643 3663 738 3718 cottiis
757 3665 919 3732 aedificavit,
946 3665 1019 3732 quod
1043 3663 1223 3732 quodraginta
1240 3662 1350 3714 milibus
1370 3663 1404 3716 ab
1429 3733 1431 3736 v

288 3735 356 3787 urbe
382 3733 513 3787 dividitur
538 3735 684 3791 Ticinensi.
720 3739 746 3790 A
770 3739 930 3790 monasterio
955 3738 1069 3788 alterum
1094 3735 1208 3786 Bobium
1232 3736 1262 3785 in
1287 3734 1405 3802 Alpibus

287 3808 438 3873 Apenninis
449 3809 530 3859 situm
542 3808 610 3860 idem
622 3814 716 3860 nudor
728 3809 769 3874 II,
784 3811 818 3863 18
833 3809 1006 3873 distinam-at,
1025 3821 1080 3876 qua
1092 3807 1124 3858 de
1135 3821 1218 3857 causa
1229 3805 1405 3872 reprobamus
1423 3819 1454 3858 sa

288 3883 325 3928 est
342 3894 360 3928 a
384 3877 434 3930 Tn.
447 3877 599 3943 Mommsen,
619 3879 662 3932 ‘N.
676 3879 767 3932 Areo!
784 3881 870 3945 1587,
889 3879 954 3929 dum
972 3878 1042 3929 bunc
1060 3877 1142 3929 locum
1156 3891 1243 3944 prope
1260 3878 1404 3930 Sars-inam

286 3951 368 4000 sr'tum
392 3965 445 4001 esse
466 3953 562 4001 statutt
580 3949 608 4002 J.
629 3951 714 4016 Jnnp,
733 3951 793 4002 ‘Die
810 3949 927 4001 Procius
944 3949 992 3999 der
1009 3950 1091 4014 Alpes
1108 3948 1284 4016 Apenninus,
1305 3949 1403 4003 ‘Minu

287 4020 313 4075 d.
341 4021 465 4072 Instituts
500 4023 522 4084 f.
553 4021 702 4074 osterreich.
736 4019 996 4083 Gescbiclctsforsolt.’
1026 4021 1122 4084 (1902)
1152 4019 1266 4087 XXIII,
1292 4037 1323 4086 p.
1344 4022 1403 4075 156.

287 4091 315 4160 3)
343 4091 457 4157 Paulus,
483 4091 555 4145 Hist.
581 4091 699 4156 Lanpob.
720 4091 772 4155 IV,
792 4093 835 4144 41.
923 4093 951 4157 4)
977 4090 1113 4157 Upbcllus,
1136 4091 1221 4143 Italia
1245 4107 1327 4143 sacra
1351 4091 1402 4156 IV,

287 4163 335 4216 col.
354 4161 431 4218 925².
477 4205 480 4210 .
521 4163 549 4229 5)
577 4162 619 4226 Cf.
637 4161 671 4214 L.
690 4160 727 4214 M.
746 4161 914 4228 Hartmonn,
934 4161 1034 4216 ‘Gescb
1053 4161 1164 4214 Italian
1182 4165 1219 4214 lm
1238 4163 1404 4214 Mittelalter'
1421 4174 1454 4212 so·

287 4235 384 4302 Ι(1900)
397 4233 436 4299 II,
451 4237 475 4298 1,
491 4249 520 4298 p.
534 4233 595 4286 204.
650 4233 677 4296 6)
694 4231 905 4298 ‘cherlrunpen
921 4249 957 4284 en
975 4234 1025 4286 den
1043 4235 1151 4286 dltcstcn
1167 4233 1404 4300 leunpobardiscben

287 4302 544 4370 Kbnrpsurbundcn'
563 4302 619 4365 (‘N.
638 4302 734 4360 Auen)
751 4303 842 4369 XXV,
859 4321 888 4371 p.
901 4306 954 4360 608
962 4307 1039 4372 spa).
1131 4308 1157 4373 7)
1180 4305 1232 4360 Ed.
1250 4304 1403 4370 Mommsen,

288 4375 364 4428 Aust.
384 4376 466 4441 antiq.
485 4374 537 4439 IX,
560 4390 589 4439 p.
609 4375 669 4428 339.
762 4376 790 4441 8)
819 4375 890 4430 Hist.
914 4382 988 4444 patr.
1014 4391 1082 4431 mon.
1103 4376 1262 4442 ChartaeI,
1288 4375 1333 4430 ool.
1352 4377 1407 4444 485,

287 4445 472 4512 Mrtblbacber,
491 4445 573 4511 ‘Rea'
591 4462 618 4499 n.
633 4448 710 4501 1183.
792 4490 794 4495 .
