3222 5032
282 470 333 524 120
492 463 617 533 IONAs
629 463 751 519 VITAE
770 460 998 518 COLUMBANI
1016 459 1124 514 LIBRI
1141 459 1180 516 Π.

279 653 310 712 ct
325 645 622 728 praescriptionum,
643 645 717 710 item
735 644 814 724 hats
833 666 857 710 c.
879 651 927 726 17,
947 665 1036 725 quem
1054 641 1216 721 deficiente
1234 643 1315 707 libro
1333 643 1393 708 A4

279 737 364 800 solus
386 736 474 804 A4a
496 734 641 816 seruauit,
666 734 779 800 classis
798 735 863 798 Ae
887 731 1019 814 oestiqia
1036 752 1119 813 prae
1141 752 1173 796 se
1191 731 1264 811 sert.
1316 732 1394 798 (lum

278 831 390 889 auctor
409 823 536 906 pencris
558 823 591 888 A
606 824 689 888 lc.d
716 825 821 887 eodem
850 822 936 902 sonte
964 841 1042 886 usus
1069 819 1120 898 sit,
1148 821 1272 885 eaedem
1295 821 1394 886 lectio

276 933 336 977 nes
360 914 437 977 An.
455 919 498 978 2α
520 934 600 995 quae
626 912 664 976 in
693 911 790 976 libros
816 911 892 976 A4.
912 916 955 975 4a
985 909 1074 974 etin
1103 909 1159 972 hos
1185 909 1392 991 transierunt,

280 1007 372 1083 atque
386 1022 466 1083 quae
481 1000 743 1066 consentientibus
758 1000 850 1065 libris
864 1001 897 1064 A
913 1008 957 1064 lc.
974 1001 1004 1064 d.
1023 1004 1052 1063 2.
1071 1004 1113 1062 2α
1131 997 1242 1063 habita
1256 1005 1302 1063 est
1315 1001 1395 1078 fides
1413 1021 1426 1060 s

273 1111 381 1172 parca
396 1097 453 1155 aut
467 1091 566 1169 nulla,
586 1092 694 1154 eodem
711 1089 778 1154 illis
793 1087 1008 1154 accedentibus
1026 1086 1082 1151 toti
1098 1085 1217 1152 cohorti
1235 1087 1394 1152 conuenit:

325 1179 425 1259 I,17.
450 1200 510 1264 per
544 1181 650 1243 densa
679 1173 800 1262 salbus]
832 1199 977 1262 pergens
1009 1199 1029 1240 a
1057 1177 1149 1240 sollu
1177 1175 1253 1240 As.
1278 1183 1307 1240 4.
1332 1182 1395 1258 Aa,

492 1288 638 1351 pergens
654 1268 698 1330 sd
713 1267 823 1332 salbus
837 1267 869 1330 A
880 1271 941 1346 2a,·
955 1287 1103 1354 pergens
1119 1266 1163 1329 ad
1178 1265 1305 1330 saltum
1321 1261 1394 1349 (sol-

492 1362 592 1420 tuum
607 1355 640 1419 A
651 1350 702 1439 ld)
714 1355 747 1418 A
757 1363 800 1420 lc.
815 1357 853 1435 d,·
868 1355 909 1434 cs.
927 1355 957 1434 I,
972 1360 1028 1418 30:
1045 1355 1137 1420 inter
1153 1355 1259 1418 densa
1274 1355 1392 1420 saltus.

288 1443 399 1509 Verbis
427 1443 527 1527 iqitur
555 1444 637 1508 male
666 1450 723 1508 aut
751 1442 920 1508 contractis
949 1449 1006 1507 cut
1031 1441 1190 1523 separatis
1216 1448 1317 1508 textus
1339 1443 1439 1508 hoen

288 1533 352 1598 loco
374 1532 486 1598 misere
515 1535 705 1614 depravatus
733 1538 787 1597 est.
834 1532 1006 1596 Praeterea
1042 1530 1118 1596 libri
1147 1531 1180 1595 A
1193 1537 1222 1596 4.
1248 1536 1290 1596 4a
1320 1553 1396 1597 suas

281 1621 460 1703 peculiares
475 1621 620 1686 exhibent
637 1620 904 1704 interpolationes,
924 1621 1006 1685 locos
1022 1620 1208 1701 Scripturae
1223 1641 1334 1685 sacrae
1352 1622 1397 1686 ad

289 1710 456 1792 Vulqatam
474 1711 664 1792 corripentes
682 1708 729 1791 (I,
748 1716 777 1774 4.
795 1711 832 1792 5)
856 1715 912 1773 aut
930 1716 1046 1774 textum
1062 1730 1125 1791 per
1147 1730 1179 1774 se
1201 1709 1395 1790 squlentes:

324 1799 355 1880 I,
373 1805 403 1860 6.
427 1794 514 1884 loca]
540 1801 680 1864 horrida
702 1800 908 1884 repperisset
931 1800 1005 1863 odd.
1030 1798 1063 1862 A
1076 1803 1106 1860 4.
1128 1804 1181 1862 4α.

386 1887 687 1953 Praestantissimns
714 1887 847 1952 alterius
874 1886 987 1952 classis
1016 1889 1112 1952 codex
1133 1886 1167 1951 B
1186 1893 1234 1968 la,
1265 1909 1395 1968 quocum
1414 1911 1439 1950 ιε

280 1975 348 2055 sere
377 1976 521 2041 conuenit
541 1976 575 2040 B
592 1977 638 2057 lb,
674 1977 713 2041 ab
747 1979 851 2041 eodem
879 1982 974 2057 patre
1007 1971 1049 2060 (b)
1077 1982 1265 2058 proqnatas,
1300 1997 1395 2057 quam

280 2064 517 2130 accuratissime
538 2066 698 2146 exemplar
719 2064 801 2130 illud
822 2070 1025 2130 retractatum
1046 2059 1086 2149 (γ)
1110 2066 1240 2130 reddere
1261 2065 1393 2145 videtur,

281 2153 318 2218 ole
340 2174 400 2235 quo
423 2175 522 2236 snpra
544 2154 613 2236 eqi,·
641 2153 823 2235 peculiaria
853 2160 956 2218 autem
984 2153 1074 2218 illius
1096 2154 1211 2218 menda
1234 2175 1289 2234 ope
1319 2153 1395 2217 libri

280 2241 344 2304 Β2
375 2242 442 2306 tolli
465 2249 621 2323 poterant,
645 2243 701 2324 qui
729 2242 793 2306 alio
816 2248 974 2307 stemmate
1003 2243 1048 2306 ad
1075 2243 1206 2306 eundem
1233 2264 1326 2306 acum
1349 2263 1394 2307 re-

280 2329 430 2409 ferendus
452 2337 505 2411 est,
535 2333 630 2410 pidem
652 2352 724 2395 uero
747 2352 813 2394 non
835 2332 966 2396 eandem
988 2337 1133 2412 meretur,
1161 2332 1324 2395 uerborum
1346 2331 1394 2395 in·
1413 2356 1439 2395 so

274 2417 394 2499 primis
415 2419 526 2483 ordine
549 2439 639 2501 saepe
656 2421 852 2500 perturbato.

391 2507 530 2589 Optimos
551 2507 796 2589 uniuscuiusque
819 2507 931 2573 classis
954 2507 1073 2573 codices
1093 2508 1125 2571 A
1141 2515 1190 2572 la.
1206 2508 1240 2572 B
1255 2515 1295 2574 la
1318 2515 1395 2573 totos

280 2595 398 2661 contuli
420 2601 450 2660 et
471 2602 566 2661 totam
590 2595 755 2661 lectionum
777 2596 975 2661 variantium
994 2596 1240 2678 discrepantiam
1258 2618 1297 2662 ex
1314 2597 1394 2678 ipsis

280 2683 382 2766 attuli,
405 2685 461 2749 sed
482 2691 596 2749 textum
614 2684 651 2748 in
668 2683 850 2750 nniversam
865 2706 930 2749 non
945 2686 1056 2750 curavi
1071 2685 1137 2750 nisi
1154 2685 1392 2767 primiqeninm,

278 2775 363 2838 unde
391 2795 430 2838 ea
459 2793 539 2854 quoe
566 2772 604 2837 in
632 2773 665 2837 A
680 2780 721 2839 la
750 2776 794 2839 ad
822 2774 914 2839 aliud
942 2775 1101 2856 exemplar
1130 2781 1268 2839 correcta
1302 2781 1395 2839 erant
1412 2799 1439 2839 ss

279 2862 348 2942 fere
365 2861 532 2944 suppressi,
556 2884 653 2944 neque
671 2862 846 2944 quisquilia
860 2862 968 2929 omnia
984 2862 1122 2944 posteris
1145 2864 1271 2928 tradere
1293 2885 1394 2928 merim

280 2971 346 3015 esso
374 2950 562 3016 existimaui.
609 2951 773 3017 Lectiones
802 2951 995 3033 reliquorum
1018 2951 1158 3016 codicum
1180 2951 1276 3016 latius
1299 2973 1394 3034 qnam

279 3038 317 3104 in
339 3039 452 3120 priore
474 3039 608 3106 editione
630 3041 816 3122 perscripsi,
847 3041 901 3105 ubi
923 3040 1107 3122 sinqularia
1129 3062 1236 3105 eorum
1258 3041 1393 3122 neqlexe·

279 3147 360 3209 ram,
391 3128 541 3210 librisque
570 3150 646 3211 quos
676 3129 749 3194 olim
775 3129 984 3194 adhibueram
1005 3129 1100 3194 Alb.
1125 3151 1149 3194 c.
1168 3135 1198 3193 2.
1216 3136 1245 3192 3.
1264 3136 1293 3192 4.
1317 3129 1392 3210 Be,

279 3237 339 3299 quo
376 3217 488 3283 melius
523 3217 769 3299 uniuscuiusque
808 3217 934 3300 pencris
977 3217 1116 3282 uarietas
1152 3217 1392 3299 perspiceretur,
1413 3241 1439 3281 so

279 3327 365 3372 nunc
385 3306 499 3372 addidi
516 3307 548 3370 A
564 3303 626 3371 ld.
642 3304 681 3372 c‘.
698 3308 728 3370 d.
746 3313 790 3372 4a
812 3313 841 3372 et
863 3308 894 3370 A
907 3306 949 3370 3‘.
966 3303 1020 3370 3“.
1038 3304 1080 3383 3‘,
1106 3307 1232 3372 collatos
1250 3307 1321 3371 illos
1339 3328 1394 3388 ope

286 3395 337 3462 W.
355 3395 492 3461 Leoison
514 3402 544 3460 et
564 3397 610 3459 H.
634 3396 784 3477 Lebeque,
809 3397 865 3460 hos
883 3417 943 3476 per
965 3418 1023 3460 me.
1057 3396 1112 3460 Ex
1134 3396 1166 3460 A
1182 3393 1233 3460 la*
1258 3403 1287 3460 et
1308 3396 1393 3461 Alb

280 3483 424 3550 lectiones
435 3483 648 3566 discrepantes
662 3485 730 3564 fere
746 3505 851 3548 omnes
866 3506 951 3550 nunc
965 3484 1127 3566 exscripsi,
1143 3487 1199 3550 scd
1212 3484 1289 3550 libri
1300 3489 1333 3550 A
1344 3483 1393 3549 lh*

280 3572 450 3653 deterrimi,
473 3593 534 3653 quo
549 3574 593 3636 ad
607 3593 632 3637 c.
652 3579 701 3652 ll,
726 3573 886 3652 deficiente
901 3573 1003 3638 codice
1018 3573 1050 3636 A
1066 3575 1112 3654 lb,
1136 3595 1212 3638 usus
1227 3595 1305 3654 sum,
1329 3594 1393 3638 non

280 3659 392 3726 curavi
413 3681 555 3726 excessus
583 3659 765 3725 temerarios
792 3667 884 3742 atque
906 3661 1019 3726 exinde
1048 3662 1203 3727 rationem
1232 3662 1300 3726 eius
1328 3683 1394 3727 non
1412 3686 1437 3726 ss

280 3749 379 3814 habui
400 3749 466 3814 nisi
488 3770 574 3814 raro.
618 3748 745 3814 Codices
763 3750 795 3814 A
810 3758 853 3814 lc.
871 3746 898 3814 c*
916 3771 978 3830 pro
1000 3771 1064 3814 uno
1086 3751 1260 3832 exemplari
1278 3751 1392 3832 accepi,

274 3837 500 3920 proprietatem
517 3837 701 3902 alterutrius
718 3838 925 3919 supprimens,
949 3860 1077 3920 cumque
1099 3839 1193 3904 etiam
1216 3839 1291 3903 libri
1306 3840 1338 3903 A
1355 3841 1395 3904 ld

280 3948 350 3992 cnm
378 3925 430 3991 his
458 3926 633 4007 comparati
654 3928 769 3992 menda
791 3927 974 4008 peculiaria
997 3930 1041 3992 ad
1061 3927 1179 4007 fontem
1203 3949 1394 3993 communem

279 4015 385 4080 redire
407 4015 581 4096 nequirent,
605 4021 635 4079 et
655 4015 728 4096 ipsa
745 4016 913 4097 suppressi,
938 4037 1019 4097 quae
1038 4037 1115 4080 sone
1130 4017 1218 4081 hand
1231 4016 1279 4082 ita
1294 4018 1394 4082 multa

279 4110 382 4170 mant.
428 4103 594 4170 Oodicibus
616 4105 648 4167 A
662 4111 691 4166 2.
713 4111 755 4168 2α
777 4111 807 4169 et
827 4105 903 4168 As.
920 4102 952 4168 3*
972 4111 1002 4169 et
1018 4105 1093 4168 A4.
1110 4110 1154 4170 Aa
1177 4107 1281 4170 eodem
1303 4108 1439 4170 modom

279 4215 356 4258 usus
366 4215 444 4274 sum,
463 4199 499 4257 ut
512 4191 620 4257 omnia
630 4192 755 4256 silentio
767 4193 985 4274 praeterirem
1006 4215 1086 4274 quoe
1101 4216 1122 4259 a
1132 4194 1313 4276 propinquo
1328 4215 1394 4258 non

280 4283 561 4362 confirmarentur·
576 4281 668 4346 libris
679 4282 747 4346 Ae.
762 4279 794 4346 3*
809 4280 894 4346 inter
904 4303 937 4346 se
949 4281 1200 4363 discrepantibus
1209 4283 1394 4367 plerumque

280 4371 433 4435 calculum
456 4371 528 4434 A3‘
551 4370 716 4451 ossunqosi,
740 4370 852 4436 rarius
874 4368 968 4434 Ax&
1004 4371 1168 4436 Lectiones
1190 4378 1293 4437 autem
1316 4392 1393 4437 com-

280 4476 389 4522 munes
400 4459 553 4523 librorum
564 4458 633 4524 etA
644 4465 687 4523 lc.
699 4456 726 4524 c*
740 4466 768 4524 et
779 4460 849 4524 A2.
864 4466 906 4524 ha
918 4461 988 4524 etA
998 4466 1027 4522 3.
1039 4455 1072 4523 8*
1084 4461 1153 4524 etA
1163 4467 1193 4525 4.
1204 4458 1393 4543 4opotiom's
