3222 5032
431 443 556 514 IONAS,
569 444 689 500 VITAE
708 444 937 500 COLUMBANI
955 445 1064 500 LIBRI
1082 445 1121 502 H.
1285 451 1336 504 107

323 627 380 692 En
400 625 578 708 scm'pluroe
599 627 777 709 specimine,
802 630 886 709 quod
899 629 944 692 H.
962 629 998 694 J.
1014 629 1147 693 Loulor
1168 628 1245 709 (tub.
1270 628 1337 710 VI)

209 714 333 797 publici
352 714 437 780 iuris
455 715 539 797 feeit,
563 723 645 781 certo
663 716 778 781 certius
799 717 991 799 intellepitur
1009 717 1143 783 codicem
1166 739 1246 783 saec.
1268 719 1335 782 XI.

216 825 315 886 neque
337 825 419 869 saec.
438 804 482 870 X.
507 805 742 870 attribuendum
764 826 838 870 esse.

323 905 424 994 Bld)
460 910 564 976 Oodeu
586 911 879 977 Admontensis
909 920 992 994 112,
1023 933 1103 978 saec.
1125 913 1191 993 XI,
1223 912 1338 977 litteris

181 1005 197 1044 ⁶
216 999 398 1064 initialibus
406 999 623 1083 pulcherrime
634 999 741 1084 pictis,
762 1022 832 1066 cum
850 1023 973 1066 summu
991 1001 1158 1083 dilipentia
1176 1007 1336 1082 exaratus,

216 1089 272 1168 fol.
298 1094 498 1153 236-247.
542 1090 578 1154 V.
620 1090 808 1154 Columbini
848 1090 985 1155 continet
1018 1112 1039 1154 a
1073 1112 1098 1155 c.
1124 1097 1143 1154 2
1181 1087 1334 1172 (praescr.

216 1178 320 1240 VIII.
346 1178 403 1240 Kl.
429 1179 536 1242 Deob.
576 1180 707 1263 Incipit
733 1180 806 1243 viba
836 1179 929 1245 beuti
954 1179 1160 1244 Oolumbani
1190 1180 1335 1257 abbatis,

216 1265 313 1348 incip.
332 1266 369 1330 Ο.
387 1268 516 1331 etenim
532 1263 602 1351 qui)
619 1270 663 1332 ad
677 1269 772 1332 uerba
788 1289 813 1333 c.
831 1275 883 1332 21.
908 1269 979 1332 ruib
1003 1273 1106 1352 abque
1131 1270 1336 1352 discerpens

324 1354 357 1418 Β
376 1352 443 1438 ld)
483 1352 588 1420 Oodeu
615 1357 893 1421 Florentinus
927 1357 1128 1422 bibliothecae
1161 1356 1339 1422 nationalis

170 1467 199 1506 10
217 1443 302 1508 inter
324 1450 492 1508 conuentus
514 1465 705 1526 suppressos,
724 1445 757 1508 A
773 1453 799 1526 1,
823 1452 918 1526 1213,
940 1467 1021 1510 saec.
1043 1447 1109 1526 XI,
1134 1446 1208 1510 olim
1231 1466 1339 1510 mona·

217 1532 308 1597 sterii
322 1533 425 1597 Vallis
436 1535 601 1598 umbrosae
611 1535 631 1614 1,
643 1535 700 1612 fol.
712 1534 908 1598 lus-130.
929 1535 964 1599 V.
979 1534 1167 1600 Columbuni
1180 1534 1336 1598 librumI.

218 1643 240 1686 a
270 1643 297 1686 c.
318 1628 348 1686 2.
380 1623 425 1686 ad
452 1624 548 1688 uerba
578 1644 603 1687 c.
627 1629 676 1686 19.
706 1623 834 1690 haecce:
862 1625 973 1688 virum
998 1625 1065 1688 Dei
1094 1625 1339 1708 perturbarent

219 1711 463 1794 episcoposque
487 1711 633 1792 continet,
657 1717 793 1777 entremo
812 1713 975 1778 columnae
992 1733 1085 1776 oersn
1103 1733 1201 1777 oceno
1219 1711 1336 1776 relicto.

220 1795 311 1864 Sient
331 1799 369 1864 in
392 1799 496 1864 codiee
520 1803 726 1881 praecedente
748 1801 796 1865 ito
818 1801 855 1866 in
883 1801 940 1866 hoo
962 1822 1071 1865 versus
1094 1801 1226 1866 barbari
1255 1821 1280 1864 c.
1306 1807 1336 1864 2.

172 1909 200 1949 is
219 1887 294 1952 inde
317 1911 338 1953 u
361 1890 453 1953 oerbo
472 1890 710 1973 Expeclotque
729 1890 952 1954 desiderantur
974 1896 1004 1954 et
1024 1889 1109 1954 inter
1131 1891 1227 1954 cerba
1247 1890 1338 1952 Num

220 1978 293 2042 eius
323 1979 473 2061 genitrix
503 1985 533 2042 et
561 1980 629 2042 ium
662 2000 738 2044 oum
763 1979 946 2042 uocabulum
969 1977 1112 2043 additum
1135 1984 1188 2057 est,
1219 1976 1340 2041 scilicet

221 2089 316 2132 :2:ne
352 2065 409 2146 (m.
440 2067 481 2131 ol.
507 2087 587 2131 corr.
613 2065 692 2147 ene)
727 2065 839 2147 Bld*,
876 2067 991 2132 Eihne
1020 2067 1117 2130 Bld.
1172 2065 1339 2130 Lectiones

219 2154 399 2236 quaemihi
414 2162 545 2236 praesto
563 2162 638 2220 sunt
660 2177 685 2220 c.
708 2162 757 2219 19.
776 2155 901 2236 partim
920 2155 1006 2219 omni
1024 2154 1209 2220 auctoritate
1227 2159 1339 2219 carent

220 2242 379 2328 (passiam
402 2265 467 2325 pro
495 2246 669 2330 Spissium,
700 2266 760 2308 ora
789 2250 863 2309 aute
892 2246 978 2310 cibis
1008 2265 1077 2323 om,
1108 2243 1211 2324 spatio
1238 2263 1338 2308 uacuo

173 2353 202 2392 20
220 2329 349 2415 relicto),
368 2332 496 2416 partim
520 2355 590 2399 cum
611 2333 645 2398 Β
661 2340 701 2398 la
723 2332 913 2398 conueniunt
934 2332 1131 2418 (pollicetur
1154 2354 1217 2414 pro
1241 2333 1337 2416 polli-

221 2427 352 2498 centur,
377 2421 589 2507 Orbaburque
606 2443 670 2504 pro
692 2418 900 2506 oraturque).

327 2510 466 2574 Initium
495 2514 652 2593 finemque
680 2517 794 2593 ropatu
823 2533 889 2576 meo
913 2511 1045 2594 benipne
1067 2510 1234 2592 exscripsit
1256 2509 1339 2575 Pius

221 2598 343 2680 Rojna,
368 2599 566 2664 doctissimus
588 2600 642 2664 ille
666 2599 883 2665 Florentinus.

327 2701 425 2790 Ble)
461 2705 589 2771 Codices
622 2707 896 2771 Monacenses
930 2712 1106 2785 1122245,
1142 2727 1222 2771 saec.
1249 2705 1338 2787 XII,

175 2813 202 2853 2⁵
221 2794 399 2876 lependarii
431 2794 693 2876 Windberpensis
726 2796 785 2859 ool.
821 2795 880 2859 VI.
914 2816 1036 2860 menses
1070 2797 1277 2860 Nouembrem
1310 2801 1340 2860 et

220 2883 424 2948 Decembrem
446 2884 718 2965 comprehendens,
742 2884 798 2962 fol.
818 2884 971 2964 12’-28,

215 3013 220 3018 -
319 2972 353 3037 Β
363 2969 424 3057 1e*)
439 2995 471 3037 u.
484 2971 598 3053 9506(
599 2972 757 3038 Ober-Alt.
767 2974 814 3055 6),
830 2993 911 3037 saec.
926 2972 1015 3053 XII,
1030 2972 1087 3051 fol.
1100 2972 1294 3052 loir—120,
1310 2978 1340 3036 et

320 3061 355 3125 Β
365 3059 436 3144 11“)
452 3061 698 3146 Lipsiensis²
711 3061 912 3126 bibliothecae
923 3067 1052 3124 senatus
1063 3083 1095 3124 n.
1109 3068 1168 3124 196
1178 3059 1273 3141 (Rep.
1284 3060 1336 3124 II.

221 3151 277 3230 sol.
302 3150 395 3232 59²),
426 3172 506 3216 saec.
534 3151 622 3230 XII,
652 3150 708 3228 fol.
736 3147 899 3230 14—32‘,
931 3149 1006 3212 olim
1036 3147 1149 3213 ‘sancti
1175 3148 1338 3212 Maur-lcii

175 3256 203 3297 ⁸0
220 3239 257 3303 in
272 3239 390 3306 Altach
407 3239 579 3319 inferiori,
603 3237 694 3318 soliis
712 3237 883 3318 deperditis
904 3237 1034 3301 mutilus
1055 3237 1093 3300 in
1110 3237 1214 3301 uerbis
1229 3237 1259 3317 I,
1277 3243 1336 3302 30:

221 3329 372 3394 Litteras
392 3323 491 3412 casii!
512 3327 668 3408 desinens,
693 3326 805 3408 quibus
827 3347 867 3391 m.
888 3347 913 3390 s.
932 3327 1033 3391 XIV.
1058 3325 1247 3406 adscripsit:
1271 3326 1338 3391 Hie

222 3421 275 3482 est
298 3439 443 3502 magnus
467 3419 635 3494 defectus,

336 3507 373 3570 V.
403 3505 591 3572 Columbani
613 3511 728 3570 tentum
751 3505 883 3570 enrcdem
905 3504 1066 3570 continent
1088 3506 1132 3570 ad
1154 3505 1284 3570 classem
1306 3503 1341 3568 Β

215 3595 441 3676 pertinentem,
472 3596 690 3677 exemplarque
718 3595 803 3658 unde
826 3596 967 3676 pendent
996 3593 1156 3659 lectionem
1186 3593 1341 3659 librorum

175 3699 203 3741 ⁸⁶
221 3684 255 3748 B
272 3692 322 3749 lu.
348 3686 375 3749 b.
400 3685 430 3748 d.
461 3685 600 3750 ululabu
628 3705 692 3766 pro
721 3684 855 3748 eiulabu
890 3681 950 3761 (ita
972 3683 1006 3748 Β
1022 3691 1041 3748 2
1066 3705 1135 3749 cum
1158 3682 1204 3766 A)
1236 3705 1260 3749 c.
1286 3689 1340 3750 20.

222 3774 392 3854 cohibebat,
417 3774 472 3838 sed
494 3773 570 3838 loeis
591 3772 756 3839 nonnullis
778 3772 874 3838 etiam
896 3794 966 3839 oum
989 3772 1146 3840 codicibus
1165 3772 1342 3838 Bucaricis

221 3862 254 3926 A
272 3871 317 3928 lc.
337 3863 366 3926 c'
391 3863 612 3928 conueniebat:

223 4074 249 4138 1)
270 4072 313 4136 Of.
334 4073 376 4126 ‘N.
396 4072 489 4126 Arnh!
507 4072 616 4140 XXVI,
630 4089 661 4140 p.
674 4075 734 4128 325.
771 4073 865 4124 Etiam
888 4073 958 4123 alter
980 4073 1011 4125 V.
1032 4071 1191 4124 Columbuni
1211 4071 1292 4122 codeoo
1310 4071 1341 4120 111

223 4144 309 4194 eodem
327 4146 489 4195 monaster-io
506 4145 569 4196 olim
582 4143 771 4196 asservabatur
783 4144 832 4208 (cf.
846 4141 947 4196 ‘Arch’
960 4142 1030 4207 XII,
1046 4159 1075 4208 p.
1090 4143 1156 4205 728)
1174 4157 1200 4193 n.
1215 4143 1232 4194 2
1249 4142 1339 4206 (662),

174 4221 204 4260 40
223 4214 342 4280 101242,
361 4217 423 4266 item
442 4230 461 4264 a
479 4230 499 4268 c.
513 4218 539 4269 2.
558 4217 687 4280 incipiens
704 4219 728 4265 et
745 4215 866 4266 desinens
884 4215 927 4264 his
945 4212 1047 4264 uerbis:
1071 4215 1153 4263 nocte
1171 4211 1223 4262 hoo
1242 4209 1340 4262 disces-

223 4288 325 4340 serunt.
355 4285 386 4336 Is
403 4288 433 4336 iu
449 4288 639 4351 posscssimrun
651 4285 817 4336 bibliothecae
834 4284 984 4336 nationalis
996 4285 1128 4334 transisse
1146 4284 1255 4334 minimo
1270 4282 1341 4334 uidc-

222 4361 277 4421 tur,
303 4357 348 4408 sed
366 4371 417 4422 quo
435 4359 546 4408 venisset
564 4357 674 4406 adiutor
690 4357 842 4407 studiorum
859 4369 977 4406 unorum
996 4369 1087 4405 meuc
1104 4353 1192 4404 adhuc
1208 4353 1340 4420 nmuibat.

222 4427 250 4495 2)
264 4427 305 4490 Cf.
318 4427 478 4493 Noumann,
492 4426 636 4492 Catalopus
648 4425 709 4480 libr.
723 4441 785 4479 mss.
799 4426 858 4480 bibl.
872 4425 986 4476 ciuitatis
998 4424 1156 4490 lipsiensis,
1170 4426 1248 4489 1838,
1257 4443 1286 4492 p.
1297 4426 1341 4480 62.
