3222 5030
292 463 311 516 e
364 435 369 440 ’
505 454 1142 528 IONAS‚V1TAEOOLUMBAN1LIBR1
1159 455 1200 514 11

292 644 433 709 nondum
449 642 551 724 plarm
572 641 742 707 eatinctnm
765 646 843 720 erat,
867 639 949 706 siae
970 661 1009 705 ee
1030 640 1068 704 V.
1087 638 1255 706 Deciderii
1276 635 1413 722 epiceopi

300 730 492 798 Viennencie
524 729 630 812 colliqi
664 729 736 795 lieet
744 729 764 810 ¹,
803 729 863 794 elci
895 727 1100 811 componendi
1136 729 1277 808 facultas
1308 745 1413 808 paene

293 825 475 887 enarnmat.
519 818 684 884 Ecclesiae
718 817 909 884 Gallicanae
939 817 1110 883 senescenti
1139 837 1239 882 noem
1267 814 1413 881 sterculus

293 909 412 975 incitue
433 915 480 974 eet
500 928 574 972 mon
596 908 658 972 late
680 907 819 986 diffucne
839 906 1100 989 immiprantibuo
1123 905 1247 972 Scotto.

210 1013 275 1063 ’μὶ
402 997 667 1062 ‘Columbaria
689 997 766 1061 duce
788 995 836 1060 cel
863 995 1036 1060 Columba²
1061 994 1223 1060 duodecim
1245 990 1445 1059 monachi-³⁵

295 1086 425 1152 natione
455 1084 581 1166 Satin
616 1105 697 1166 quae
728 1104 806 1166 qens
839 1105 905 1148 non
938 1091 1002 1148 tam
1033 1084 1175 1166 leqibue⁶
1208 1105 1304 1165 qnam
1337 1079 1415 1161 fidei

296 1174 491 1241 christianae
513 1175 638 1253 fervore
660 1172 802 1254 reliquae
831 1179 904 1237 tunc
933 1173 1023 1254 lonqe
1045 1173 1243 1255 praestabat,
1273 1170 1339 1236 oiri
1361 1171 1415 1233 ad·

295 1264 421 1328 modum
439 1268 606 1344 provectae
623 1261 739 1326 oetatie
755 1282 795 1325 ee
809 1260 973 1325 Hibernia
985 1261 1124 1341 profecti
1142 1263 1188 1326 ad
1200 1258 1416 1325 Britanniam

301 1351 462 1418 Gallicam
499 1351 703 1432 appulerunt,
742 1349 847 1430 ibique
878 1349 1047 1430 pauleeper
1082 1349 1249 1430 remorati,
1289 1349 1416 1413 tandem

302 1439 431 1506 Galliae
453 1439 544 1504 adire
573 1438 803 1504 conabituerunt
824 1440 869 1502 ad
889 1458 992 1502 mores
1012 1437 1176 1502 bominum
1198 1436 1415 1519 inquirendos,
1436 1461 1461 1498 ιο

296 1535 333 1594 ut
360 1529 390 1594 ei
418 1527 552 1610 inpenia
580 1526 792 1609 repperirent
821 1528 866 1591 ad
890 1527 1024 1590 calmum
1045 1525 1260 1608 recipiendam
1282 1524 1415 1603 babilla,

296 1617 414 1682 ibidem
429 1616 642 1697 concuterent,
661 1615 714 1680 ein
730 1615 832 1695 aliter,
848 1617 894 1680 ad
906 1614 1032 1680 vicinae
1046 1615 1193 1680 nationes
1207 1613 1417 1679 transirentss.

297 1705 385 1771 Erat
405 1711 510 1770 autem
535 1704 748 1770 Oolnmbanue
768 1703 807 1768 in
820 1704 1026 1786 Laqenorum
1039 1704 1162 1784 finibus
1176 1710 1281 1785 natue,
1305 1702 1418 1767 libera-

298 1793 381 1860 libne
403 1793 519 1858 litteris
541 1816 563 1858 a
588 1792 733 1874 pueritia
754 1814 852 1874 usqne
873 1793 919 1857 ad
941 1792 1067 1858 virilem
1089 1799 1222 1858 aetatem
1243 1791 1416 1871 institutae,

301 1951 328 2020 l)
348 1949 389 2015 01,
408 1949 457 2004 SS.
475 1950 510 2008 B.
528 1949 628 2004 Meroe.
640 1948 697 2015 111,
710 1965 741 2016 p.
754 1951 816 2004 620.
846 1951 928 2001 Artee
944 1949 1131 2002 Romanorum
1149 1949 1272 2002 urbanae
1289 1950 1419 2016 inprimie
1437 1958 1462 1997 15

298 2025 329 2074 in
348 2021 440 2074 Gallia
457 2021 611 2072 memiana
633 2021 736 2073 diutim
753 2022 919 2088 perdurasse
943 2024 1047 2073 monuit
1063 2021 1102 2075 Η.
1120 2021 1249 2086 Zimmer,
1268 2009 1352 2072 ‘Uber
1376 2020 1419 2070 die

300 2093 455 2158 Bcdeutunp
490 2093 536 2144 dee
570 2091 688 2144 irieoben
722 2091 857 2145 Elencente
891 2093 944 2156 seir
978 2093 1021 2144 die
1056 2092 1276 2145 mittelalterliebe
1313 2090 1417 2143 Cicltur‘

300 2164 492 2230 (Praeconem
503 2163 685 2216 Jabrbeleber‘
699 2165 776 2230 1887,
796 2163 874 2229 LIX,
891 2181 918 2231 p.
930 2165 1065 2228 27-59).
1124 2166 1153 2232 2)
1180 2163 1296 2230 Utroque
1313 2163 1419 2229 nomine

300 2235 385 2288 Ionae
402 2236 433 2285 in
448 2234 479 2288 V.
499 2235 555 2288 Col.
573 2234 596 2299 I,
616 2235 649 2286 2:
673 2231 858 2286 columbanus
883 2232 929 2300 qui
954 2238 983 2285 et
1002 2233 1137 2286 Columba
1160 2240 1184 2285 et
1202 2235 1227 2301 I,
1248 2237 1297 2289 17:
1322 2233 1419 2285 beatus

301 2304 387 2374 igitur
404 2302 599 2369 columbanus,
624 2302 712 2368 isdem
730 2303 873 2371 Columba,
899 2305 970 2356 aliae
987 2306 1064 2356 modo
1082 2305 1138 2370 boc,
1163 2305 1240 2357 modo
1258 2306 1305 2357 illo
1322 2307 1418 2356 utitur.
1437 2314 1464 2352 ro

301 2375 419 2429 Sondrae
436 2377 493 2441 iptee
509 2377 539 2425 in
559 2376 682 2442 epietrclie
705 2377 764 2427 euie
786 2390 881 2427 nomen
899 2375 1041 2426 Colunebae
1065 2378 1223 2442 nummu,
1249 2376 1320 2442 quad
1337 2375 1420 2427 Ionae

301 2447 431 2510 hebraice,
451 2445 588 2497 Perietera
604 2461 698 2511 praece
717 2446 838 2498 reddidit
855 2445 935 2511 (ΜΘ.
952 2445 1005 2512 Ep.
1024 2445 1081 2512 ΙΙΙ,
1095 2463 1125 2514 p.
1138 2449 1203 2507 176)
1220 2448 1353 2513 latineque
1370 2447 1419 2496 im-

302 2519 414 2570 mutarit
430 2517 461 2568 tn
473 2515 635 2568 Palumbum
653 2516 701 2580 (ib.
714 2518 834 2582 p.170),
851 2516 897 2568 eod
913 2518 943 2568 in
960 2532 1018 2568 una
1035 2532 1129 2568 eorum
1146 2532 1228 2584 eaque
1242 2519 1420 2570 odudiceima

302 2604 396 2642 nomen
419 2589 583 2640 convertitur
599 2585 647 2651 (ib.
662 2604 692 2654 p.
712 2589 777 2647 156)
795 2587 942 2654 ‘Barqoma
966 2589 1029 2640 oilie
1051 2587 1189 2654 columba’,
1214 2591 1235 2641 i.
1253 2605 1274 2644 e.
1293 2589 1420 2640 Bariona

303 2660 416 2726 silius
441 2658 589 2724 Cobcmbae,
613 2673 696 2724 neque
719 2659 809 2724 Ionae,
836 2661 876 2710 ita
901 2665 932 2710 ut
953 2665 1034 2726 poter
1056 2661 1144 2727 ipoiue
1162 2660 1303 2712 Columbae
1326 2675 1420 2712 nomen
1437 2668 1465 2707 eo

303 2731 397 2782 ieelim
422 2729 554 2794 rideam,
580 2744 721 2796 cermqrce
745 2732 794 2796 qui
814 2732 840 2780 ei
860 2732 932 2782 iucto
955 2732 1015 2783 iure
1035 2731 1224 2783 attribuuntur
1241 2730 1289 2800 (ib.
1303 2747 1333 2798 p.
1354 2732 1420 2788 182)

305 2801 472 2854 aarouiebon
498 2801 637 2865 effluunt:
664 2797 850 2853 columbanus
874 2799 1014 2856 Hunaldo.
1051 2803 1117 2854 Cum
1143 2805 1230 2868 iqitur
1253 2817 1309 2854 non
1334 2799 1420 2854 colum

304 2873 479 2940 bioprophue,
503 2873 549 2924 ced
572 2873 653 2922 ctiam
670 2877 778 2922 eandue
795 2874 852 2940 ipoe
869 2879 1010 2940 utrumque
1027 2889 1122 2925 nomen
1141 2873 1323 2937 adhibuerint,
1349 2887 1419 2923 oum·

304 2960 354 3012 que
371 2943 416 2995 bic
434 2942 560 2995 Colan
577 2944 735 3009 nuncupari
750 2949 861 3009 nequeat
879 2945 936 2994 niei
951 2945 1044 2996 addito
1060 2946 1182 2998 vocabulo
1200 2947 1313 3010 iuniore,
1339 2949 1368 2994 ut
1386 2942 1420 2994 ab

304 3015 397 3068 abbate
413 3013 519 3080 Hyerui
534 3015 639 3065 autore
662 3015 857 3081 didinquatur‚
885 3015 1009 3081 neqleotie
1032 3018 1208 3068 recentiorum
1233 3016 1312 3068 rebue
1335 3016 1420 3078 noris,
1439 3023 1466 3062 ³0

304 3101 399 3140 nomen
418 3085 579 3136 Columbani
601 3091 662 3136 ante
687 3085 735 3137 bae
759 3101 845 3138 annae
862 3086 950 3138 colum
967 3089 1097 3138 mum
1114 3103 1222 3140 ece-core
1239 3089 1325 3138 ouum
1342 3093 1380 3138 eet
1398 3091 1422 3136 et

304 3158 414 3212 Furelcio
430 3157 515 3222 (‘Zur
534 3155 625 3208 Geccb.
643 3157 692 3208 der
712 3156 893 3210 altbriticcben
910 3157 1031 3223 Kircbe’‚
1052 3158 1267 3226 ‘Keremnqecen
1285 3157 1420 3210 Abbandt.
1494 3185 1496 3188 ·

304 3231 362 3282 uud
385 3227 553 3281 Untercueh!
571 3227 596 3291 Ι,
612 3229 678 3295 430)
695 3234 719 3279 et
737 3229 813 3282 mihi.
897 3229 925 3296 3)
953 3229 982 3280 E
996 3229 1094 3296 quibua
1110 3231 1184 3282 cotue
1200 3237 1280 3282 notue
1297 3235 1335 3281 eet
1352 3229 1422 3281 altu

306 3300 492 3365 Columbonue,
519 3314 595 3365 quem
621 3314 655 3350 co:
681 3300 768 3351 eadem
793 3314 887 3366 qcncre
915 3315 1017 3367 unoque
1044 3308 1189 3354 commeatu
1215 3308 1239 3352 et
1263 3303 1369 3353 nomine
1389 3316 1422 3350 ecc

305 3371 441 3424 Hibernia
456 3371 613 3437 proccecicce
629 3370 721 3438 Ionae,
742 3371 773 3423 V.
791 3371 906 3431 Columb.
925 3371 1006 3438 Ι,17,
1024 3373 1135 3427 recenter.
1165 3373 1310 3424 Praeterea
1322 3373 1422 3424 Scottoe
1440 3378 1467 3418 eo

304 3443 453 3495 mmomee
477 3441 721 3495 eFontanencibue
737 3444 873 3494 monacbis
899 3443 948 3495 boe
966 3443 1145 3509 domiminum,
1164 3445 1312 3508 Eunocum,
1331 3442 1423 3508 Equo-

1161 3621 1169 3648 ,
1415 3623 1422 3636 .

305 3672 360 3714 rer.
378 3656 477 3710 Meroe.
497 3655 543 3707 IV
540 3692 548 3719 ,
570 3672 599 3722 p.
618 3657 781 3711 229-337.
801 3655 939 3708 edidimus.
976 3654 1096 3720 Denique
1120 3656 1207 3720 apcius
1230 3655 1334 3705 comdee
1357 3669 1423 3704 enu-

306 3727 431 3780 merandi
446 3731 509 3779 curel
526 3727 677 3779 Autiernue
694 3730 727 3793 (c.
748 3727 805 3790 11),
829 3726 891 3777 Iaca
915 3731 940 3776 et
956 3724 1114 3777 Potentinue
1136 3727 1171 3789 (c.
1189 3725 1247 3789 21),
1273 3726 1325 3775 eice
1342 3724 1425 3776 Scotti
1441 3734 1469 3773 eo

306 3804 392 3864 maret,
410 3801 463 3852 eive
480 3813 543 3850 reon.
622 3799 652 3865 4)
673 3798 716 3861 Of.
735 3798 839 3848 Adami
856 3798 936 3849 Geeta
954 3794 1098 3848 Hammab.
1116 3796 1174 3848 eccl.
1192 3797 1289 3860 pontif.
1308 3795 1359 3859 IV,
1374 3798 1423 3850 10:

307 3867 479 3936 Hyberniam
504 3865 651 3921 Scotorum
675 3867 802 3934 patriam,
827 3883 898 3934 quae
922 3883 995 3919 nuno
1019 3865 1115 3919 Irland
1139 3865 1248 3920 dicitur.
1337 3868 1365 3933 b)
1393 3866 1424 3920 V.

309 3941 424 3993 Columb.
443 3940 467 4004 I,
484 3942 511 3994 2.
601 3940 629 4006 6)
654 3938 695 3990 Ib.
714 3938 738 4002 I,
755 3940 781 3992 4.
820 3938 977 4004 Quaeritur,
1002 3944 1096 3989 utrum
1117 3939 1219 3990 mm‘nae
1242 3939 1365 3989 nationes
1383 3941 1424 3990 in-

307 4011 465 4076 tellependae
488 4015 552 4061 eunt
576 4009 729 4060 Alamanni
756 4008 855 4075 aliique
876 4011 985 4077 paqani
1007 4025 1044 4060 an
1068 4009 1147 4074 Itali,
1171 4011 1240 4060 meiat
1263 4010 1297 4064 A.
1316 4009 1424 4074 Herum,

308 4080 521 4146 ‘Ke'r'cbcnqeeoh.
551 4078 756 4130 Deutechlande'
779 4079 802 4145 Ι,
827 4096 858 4146 p.
877 4079 954 4146 263³,
985 4082 1087 4133 statuit.
1133 4081 1207 4133 (lete
1235 4081 1423 4146 Columbanm,
1443 4090 1470 4130 eb

308 4159 450 4220 antequam
468 4151 580 4202 Italiam
601 4150 721 4202 adeundi
743 4151 885 4203 omicidium
909 4153 976 4219 cepit
992 4153 1041 4219 (V.
1060 4151 1175 4207 Columb.
1193 4152 1218 4219 Ι,
1237 4155 1294 4217 25),
1322 4151 1425 4219 ‘pentec'
1590 4137 1592 4228 i

308 4243 336 4279 ae
346 4226 521 4276 oicitaturum
532 4227 638 4273 voverat
650 4221 727 4290 (Ma.
740 4221 792 4289 Ep.
805 4222 862 4289 ΙΙΙ,
878 4239 907 4290 p.
922 4225 996 4287 167),
1014 4239 1123 4290 cumque
1135 4226 1285 4291 ‘proaimao
1295 4221 1424 4275 notionee’
1590 4229 1592 4280 Ι

313 4295 505 4348 inmutatus
538 4294 564 4344 ei
588 4293 626 4344 ad
647 4292 864 4359 praedicandum
891 4294 1025 4347 obtuliecet
1044 4296 1068 4361 '(
1070 4296 1100 4350 V.
1127 4295 1243 4353 Columb
1263 4295 1286 4361 I,
1304 4295 1359 4361 27),
1389 4293 1426 4343 ad

309 4372 432 4490 matum
461 4365 554 4430 rediit,
585 4366 612 4418 ci
639 4365 710 4430 sorte
740 4368 835 4431 ‘qmtee
863 4367 976 4418 cem‘nae'
1004 4374 1151 4420 convertere
1180 4368 1292 4431 odero,
1329 4364 1426 4416 eciticet

364 4452 485 4490 mummoli.
1444 4446 1472 4486 50
