3222 5030
401 467 529 538 ῙΟΝΑΒ,
540 467 664 525 VITAE
681 469 910 526 OOLUMBANI
927 470 1037 526 LIBRI
1054 471 1095 526 H.
1274 475 1307 529 11

186 672 287 733 neque
320 658 394 716 oute
427 651 660 734 aequinoctium
693 674 793 735 neque
820 653 908 719 ultra
937 655 1048 719 lunam
1076 654 1159 718 XX.
1184 655 1310 736 pascha

188 741 409 806 uuum
434 762 513 806 esse.
557 741 734 807 Praeterea
764 741 967 808 traditionem
997 764 1088 808 mam
1115 765 1224 825 papae
1244 765 1311 825 per

189 835 252 894 tres
281 836 378 894 tomos
407 836 594 911 eaposem
622 832 802 912 brevemque
831 831 970 896 libellmn
999 833 1108 897 eodem
1137 833 1175 896 de
1203 853 1239 897 re
1265 833 1311 897 ad

187 917 342 1000 Ariqium
363 919 454 982 modo
476 919 649 1001 scripserat
663 919 876 1002 episcoporum
891 919 1020 984 illormn
1039 920 1230 1005 principem,
1254 921 1310 1003 qui

1094 1009 1106 1048 1

156 1007 397 1161 suffigat?
414 1008 823 1178 azemmlffangrffiougza
837 1015 1129 1180 scibaeptieitiridiiter
1156 1009 1311 1163 uiiiidi

188 1187 285 1265 fidem
307 1184 456 1250 attribuit
476 1206 572 1267 quam
594 1185 734 1250 Victoria
762 1185 815 1250 illi
844 1206 947 1268 nuper
968 1185 1062 1252 dubie
1091 1186 1241 1252 scribenti
1271 1193 1308 1267 et,

188 1273 244 1338 ubi
267 1294 388 1338 maesse
411 1280 489 1355 erat,
525 1273 610 1338 nibil
642 1274 817 1356 definienti,
852 1274 1006 1354 fiduciam
1035 1296 1107 1340 oero
1137 1296 1203 1340 uon
1232 1277 1310 1340 adeo

189 1383 340 1444 maqnam
363 1362 511 1428 babuisse
533 1362 667 1444 ardetur,
697 1369 734 1428 ut
755 1363 1014 1430 aduersariorum
1038 1364 1164 1429 animos
1186 1385 1310 1430 conaer-

144 1477 172 1514 10
190 1457 274 1530 teret,
310 1473 386 1516 nam
421 1451 647 1517 contentionem
675 1451 744 1517 iam
773 1452 903 1517 manino
931 1452 1050 1518 euitare
1078 1453 1184 1534 uoluit,
1216 1453 1311 1535 idque

190 1540 290 1604 solum
301 1539 406 1622 petiit,
430 1547 466 1605 ut
482 1540 553 1622 sibi,
577 1540 633 1622 qui
650 1540 846 1606 diversitatis
861 1548 972 1607 auctor
986 1563 1051 1607 uon
1066 1548 1152 1623 esset,
1170 1541 1207 1607 in
1221 1541 1311 1607 siluis

189 1627 257 1692 illis
279 1629 373 1694 silere
388 1635 418 1694 et
430 1628 535 1694 niuem
549 1629 657 1696 liceret
669 1629 762 1694 iuuta
776 1651 849 1695 ossa
867 1635 904 1694 17
922 1631 1066 1710 fratrum
1081 1631 1309 1711 defunctorum,

189 1717 271 1782 ucat
293 1738 356 1800 per
380 1724 420 1782 12
451 1739 555 1783 annos
582 1718 700 1783 ibidem
728 1717 869 1784 uicisset.
914 1720 970 1783 Eu
998 1719 1050 1784 bis
1072 1719 1177 1785 uerbis
1205 1718 1311 1800 colliqi

191 1805 270 1888 lieet,
305 1827 336 1870 a.
361 1812 436 1871 591.
467 1807 585 1889 Vosaqi
613 1809 729 1872 sottum
758 1807 879 1872 adiisse
906 1814 1071 1873 ueteranos
1094 1828 1254 1890 pauperes
1282 1813 1312 1872 et

145 1923 173 1962 15
185 1895 375 1978 pereqriuos
411 1917 501 1961 senes
537 1895 617 1976 illos,
656 1896 740 1962 siout
781 1918 815 1960 se
851 1917 984 1978 suosque
1021 1897 1090 1981 ipse
1127 1896 1310 1980 appellauit.

191 1985 350 2062 Metuens,
374 2006 414 2050 ne
428 1985 466 2050 in
479 2005 541 2050 sna
556 1984 706 2069 opinione
715 1992 955 2066 perseuerantes
971 1985 1069 2050 Scotti
1084 1986 1313 2066 expellerentur

191 2093 230 2138 en
252 2076 372 2138 deserto
393 2073 465 2154 tuq
485 2080 652 2155 utramque
674 2073 879 2139 traditionem
902 2075 1017 2139 bonam
1039 2095 1105 2139 esse
1128 2094 1221 2155 posse
1242 2073 1312 2138 iam

191 2182 256 2226 uon
279 2161 408 2227 omnino
430 2162 597 2244 deneqooit
617 2161 750 2244 totisque
778 2162 902 2228 uiribus
928 2162 1127 2228 conventioni
1150 2162 1312 2246 pacificae

190 2249 326 2315 institit:
355 2248 462 2316 ‘nnius
483 2251 569 2316 euim
590 2272 699 2316 summ
720 2250 862 2333 corporis
883 2253 1098 2333 commembra,
1129 2251 1194 2317 siue
1221 2250 1312 2316 Galli

145 2367 174 2408 νο
191 2338 258 2404 sioe
271 2337 432 2404 Britanni
454 2339 520 2404 siue
535 2339 628 2405 Iberi
650 2340 716 2405 siue
733 2361 873 2440 quaeque
893 2341 1020 2422 qentes'.
1058 2341 1210 2405 Attamen
1229 2338 1312 2404 iudi-

192 2427 280 2492 cibns
301 2429 370 2494 suis
398 2429 646 2510 haudquaquam
668 2428 820 2511 pepercit.
799 2431 1008 2495 tTautam
1037 2429 1184 2496 ecclesiae
1211 2427 1312 2582 Galli·

192 2537 293 2582 cauae
315 2517 546 2617 corruptionem
568 2518 824 2616 deprehenderat,
850 2525 886 2582 ut
907 2518 974 2600 ipse
996 2524 1230 2619 euoptaretut

191 2605 281 2706 scopi
309 2605 437 2688 saepius
466 2605 676 2688 conuenirent,
707 2613 743 2672 ut
770 2608 964 2690 neqleqeutes
993 2607 1135 2672 timorem
1161 2538 1313 2673 baberent

191 2693 420 2776 studiosique
406 2716 472 2760 inor
469 2695 629 2760 t.arentur
667 2657 738 2760 'Deo
760 2703 864 2761 autem
882 2696 1011 2778 qratias
1032 2696 1103 2778 eqit,
1127 2702 1163 2761 ut
1150 2696 1232 2761 atel
1251 2715 1312 2760 sna

145 2811 174 2851 n
192 2804 291 2848 causa
306 2785 445 2884 synodus
459 2783 549 2863 effect
548 2806 570 2849 a
585 2791 671 2865 esset,
695 2784 754 2850 etsi
776 2806 842 2849 non
857 2791 923 2850 tum
941 2787 980 2851 de
996 2784 1164 2867 paschatis
1178 2783 1310 2867 neqotio,

192 2871 317 2953 quod
303 2893 371 2937 cam
400 2872 458 2937 diu
480 2872 666 2938 ventilatum
688 2879 767 2938 esset
788 2873 904 2956 diuque
927 2897 949 2940 a
971 2874 1107 2939 diversis
1130 2879 1203 2940 auct
1190 2872 1312 2938 toribus

191 2960 375 3042 iudicatum,
403 2961 539 3027 tractari
561 2962 661 3026 uoluit
681 2983 778 3062 qnam
799 2964 837 3028 de
860 2962 1022 3028 universis
1043 2961 1313 3028 obseruationibus

192 3049 365 3131 canonicis,
389 3071 411 3114 u
433 3050 550 3132 multis,
574 3053 658 3132 quod
676 3051 811 3132 qraoius
832 3058 919 3133 esset,
943 3051 1135 3134 depravatio.

300 3157 448 3240 Sunodus
479 3155 595 3222 iterum
628 3157 816 3223 sententiam
849 3157 934 3223 dicit
967 3157 1083 3223 Scottis
1115 3156 1312 3222 contrariam

145 3279 173 3320 ω
190 3244 366 3327 iterumque
393 3245 606 3311 Columbanus
634 3247 679 3310 ad
706 3249 809 3311 sedem
835 3245 1038 3328 apostolicam
1060 3247 1220 3328 appellare
1242 3265 1312 3309 cou-

192 3333 302 3415 stituit,
334 3336 391 3399 sed
413 3333 622 3400 ‘tumultuosis
647 3334 788 3416 qeutium
816 3334 1073 3400 interiacentium
1095 3333 1311 3399 seditionibus'

193 3421 408 3504 *aliquamdiu
441 3423 611 3505 impeditus
644 3429 697 3488 est.
751 3422 796 3487 In
829 3423 934 3489 Italia
966 3423 1052 3489 enim
1085 3422 1312 3506 Lanqobardis
1330 3447 1395 3497 un.

191 3511 334 3576 Rornani
357 3513 469 3576 bellum
498 3512 673 3592 inferentes
701 3511 815 3577 moirti
842 3519 925 3594 sunt,
956 3513 1116 3594 hostesque
1144 3533 1213 3578 uua
1242 3533 1312 3578 cum

192 3599 318 3665 Satoris
345 3599 413 3665 iam
443 3602 489 3666 ad
516 3600 708 3666 obsidionem
733 3600 824 3666 urbis
846 3601 968 3667 Romae
990 3607 1211 3684 peruenerant,
1242 3622 1312 3667 oum

143 3721 173 3762 m
197 3688 372 3771 Greqorins
398 3711 490 3772 papo
524 3711 691 3756 occurrens
715 3689 866 3772 precibus
895 3712 947 3756 eos
977 3691 1103 3774 omont,
1139 3690 1312 3773 tributaque

190 3776 337 3860 imposito
370 3780 587 3844 abscesserunt
596 3781 617 3843 ².
675 3779 750 3844 Pau
783 3801 815 3844 a.
844 3785 918 3861 603,
957 3801 1071 3846 unnoe·
1097 3781 1189 3862 Nom,
1228 3779 1313 3845 inter

190 3872 357 3948 utramque
376 3874 507 3951 partem
529 3868 619 3949 facta
641 3874 694 3948 est,
719 3870 757 3933 de
779 3888 844 3949 qna
866 3869 1014 3951 Aqilutfo
1036 3869 1105 3952 reqi
1128 3891 1220 3952 papa
1239 3889 1312 3950 qua

190 3953 255 4019 tias
276 3956 427 4020 rettnlit⁸.
473 3956 611 4022 Interim
639 3957 732 4022 sernel
754 3963 785 4022 et
806 3957 855 4022 bis
881 3957 1042 4024 tabellarii
1071 3979 1093 4023 a
1120 3958 1312 4024 Oolmnbano

191 4163 220 4233 1)
245 4163 313 4216 Nou·
328 4166 457 4232 Artqr’um
475 4170 623 4233 episcopum
641 4167 854 4233 Iquunenm
877 4168 914 4218 ad
932 4169 1009 4219 cuius
1024 4168 1180 4219 mucorem
1204 4183 1230 4220 a.
1250 4168 1311 4231 602,

142 4255 172 4294 co
190 4251 225 4289 m.
243 4235 319 4300 Non,
345 4237 494 4303 Grcqortns
513 4253 590 4306 papa
614 4240 721 4290 litteras
743 4239 852 4291 dederat
869 4237 970 4303 (aare,
995 4238 1060 4302 Beq.
1078 4254 1106 4291 n.
1121 4237 1227 4301 18722),
1252 4251 1311 4288 mem

194 4307 356 4374 rapiamur
380 4308 544 4372 confundere
550 4331 560 4375 ,·
586 4310 621 4373 of.
646 4309 747 4375 Hmtcl,
778 4309 915 4362 ‘Zettodrm
943 4309 995 4372 fdr
1020 4307 1311 4374 KtrcbchschJIL

184 4394 216 4444 p.
231 4380 363 4445 145⁸qu
382 4379 427 4432 ‘N.
446 4379 540 4433 Arcu!
556 4380 608 4446 IX,
624 4398 653 4448 p.
669 4382 728 4435 146.
795 4379 823 4448 2)
844 4380 949 4432 Coum
969 4379 1097 4442 Prospere·
1112 4378 1213 4446 Herm,
1233 4379 1311 4434 Anat.

189 4451 274 4516 antiq.
291 4450 343 4515 IX,
358 4466 388 4517 p.
401 4451 471 4510 339,·
490 4449 602 4517 Paulus,
622 4451 695 4506 Hr'st.
713 4450 834 4516 Lonqob.
850 4451 870 4501 I
871 4449 902 4514 V,
915 4451 959 4502 28.
1031 4449 1060 4514 3)
1079 4448 1160 4514 Jaqe
1175 4468 1202 4506 n.
1217 4449 1311 4507 1925¹.
