3222 5030
303 495 338 549 38
515 491 641 560 Ioues,
654 489 775 546 VITAE
794 489 1023 545 COLUMBANI
1040 487 1149 544 LIBRI
1167 487 1206 546 Π.

304 673 453 739 subrcrbio
483 671 734 739 Matisconensrs
763 671 853 738 urbis
883 671 1090 738 consederant
1118 670 1169 736 die
1199 677 1322 748 statuto
1353 692 1422 736 cum

304 761 404 827 urbita
425 765 531 828 maior
553 763 663 826 domm
684 767 782 826 morte
801 766 998 860 praeuentus
1024 759 1178 824 interiitl.
1229 761 1296 841 Quo
1320 759 1423 824 oraine

304 849 457 931 fiduciam
495 849 754 916 aduersariorum
788 855 817 914 et
853 847 1007 948 inprimis
1040 848 1184 930 Aprestii
1220 848 1423 913 imminutam

210 961 245 1011 υ.
251 961 286 1002 u.
304 961 370 1004 esse
404 937 552 1004 credibile
586 945 639 1002 est.
690 937 866 1002 Acciosotor
898 935 982 1002 euim
1016 958 1147 1019 surqens
1180 957 1218 1003 eo
1252 957 1332 1018 quae
1367 935 1422 1001 in

310 1026 497 1094 occumbam·
526 1027 668 1126 repulom
698 1025 759 1090 sibi
788 1025 953 1092 obicienda
981 1031 1075 1091 erant
1104 1025 1306 1090 trementibus
1327 1023 1454 1090 labiiss

304 1114 480 1195 edisseruit,
510 1115 628 1180 scilicet
655 1115 821 1195 superflua
850 1121 879 1178 et
901 1114 1074 1180 canonicae
1095 1113 1291 1180 institutioni
1313 1113 1423 1179 aliena

304 1204 365 1268 illa
398 1203 562 1283 contineri,
597 1201 692 1267 ueluti
725 1202 919 1283 frequentem
952 1209 982 1268 et
1013 1202 1167 1284 siquandi
1196 1202 1368 1268 cocblearis
1394 1209 1424 1266 et

305 1290 530 1357 benedictionis
552 1291 752 1372 quaerendae
774 1291 1058 1373 consuetudinemi,
1082 1297 1284 1372 sanctumque
1307 1313 1328 1356 a
1351 1297 1423 1356 cete·

305 1399 414 1444 rorum
436 1379 577 1444 moribus
606 1379 775 1444 descrecere
804 1379 932 1445 diuerso
961 1387 991 1445 et
1019 1379 1190 1444 missorum
1218 1377 1422 1444 celebratione

305 1473 376 1532 ett
375 1488 504 1533 onsura.
555 1467 703 1549 Quaestio
732 1467 833 1551 iqitur
860 1467 1012 1550 munima,
1048 1489 1111 1550 qua
1139 1467 1287 1548 publicus
1316 1488 1423 1532 rerum
1442 1493 1469 1532 ro

306 1557 382 1620 ordo
405 1558 595 1636 turbarteur,
621 1556 788 1638 paschalis
810 1556 936 1638 scilicet,
968 1557 1098 1622 oIono
1128 1556 1266 1621 consulto
1297 1555 1422 1620 silentio

299 1644 532 1797 praetermisso
554 1651 607 1725 est,
587 1647 713 1710 tdum
741 1651 805 1709 toto
831 1666 912 1726 quae
934 1644 986 1710 bic
1008 1643 1184 1726 castipatur
1206 1644 1423 1743 discrepantia

305 1731 355 1797 int
354 1753 389 1797 er
419 1738 584 1814 utrumque
617 1733 715 1797 ritum
749 1732 877 1798 leuioris
910 1733 1057 1797 momenti
1091 1739 1144 1813 est,
1179 1735 1224 1797 ad
1255 1732 1424 1798 intestinas

305 1819 428 1886 tantum
445 1821 612 1902 pertinens
634 1843 694 1885 res.
734 1822 824 1886 Idem
847 1823 885 1886 de
907 1820 1164 1886 reconciliatione
1185 1821 1351 1886 dicendum
1369 1828 1421 1901 est,

304 1929 401 2009 quam
416 1909 518 1974 Ionos
535 1909 583 1974 ita
550 1910 718 1989 tfactom
737 1931 802 1975 esse
820 1909 939 1988 statuit,
963 1916 998 1973 ut
1013 1910 1130 2008 Aprcst
1118 1909 1195 1973 tium
1218 1910 1423 1992 disciplinam
1442 1935 1468 1974 a

304 1996 510 2096 institutaque
542 1997 691 2080 moqistri
724 1999 942 2063 detrectantem
972 1997 1145 2097 Eustasius
1177 1999 1423 2080 haudquaquam

300 2085 460 2186 patienter
489 2085 639 2166 ferens
626 2093 676 2151 mt
675 2108 715 2151 ra
738 2093 937 2186 praesentem
961 2108 1084 2151 annum
1106 2085 1143 2151 in
1170 2087 1313 2153 dimnum
1342 2087 1423 2152 iudi·

305 2174 389 2240 ciuru
418 2175 596 2256 coacuisset
627 2196 687 2256 quo
711 2175 927 2256 proesapiot
915 2175 1054 2275 terribili
1077 2182 1158 2258 par
1157 2197 1187 2240 cs
1209 2176 1282 2256 Apo
1282 2182 1327 2240 es
1327 2174 1424 2240 ianae

304 2263 448 2341 fautores
463 2263 605 2345 perculsi
628 2263 828 2328 concordiam
846 2263 1065 2328 restituissent.
1104 2263 1267 2344 Mumfes
1265 2285 1319 2328 um
1339 2263 1423 2328 enim

305 2351 751 2522 utbttttutttltl
763 2352 954 2508 ttttta
967 2352 1127 2522 illibi?
1144 2353 1424 2522 tutti}
1442 2377 1469 2416 ²⁰

305 2535 379 2594 tune
408 2529 497 2608 facto
526 2535 580 2606 est,
611 2528 648 2593 id
669 2531 753 2609 quod
780 2549 845 2592 nou
868 2529 1022 2610 neporim,
1054 2535 1159 2594 manen
1182 2529 1379 2594 condiciones
1402 2551 1423 2592 a

300 2624 396 2700 porte
425 2619 560 2682 adverso
590 2617 725 2682 dictatos
754 2637 851 2698 eaque
881 2617 1042 2683 occasione
1071 2639 1137 2683 nan
1159 2619 1258 2682 solum
1281 2619 1423 2700 rapulam

304 2707 520 2786 reformatam,
556 2707 611 2770 sed
639 2704 734 2769 etiam
764 2705 930 2786 antiquom
961 2708 1136 2772 Scottorum
1169 2707 1423 2790 supputationem

305 2797 490 2876 abroqatam
505 2814 570 2858 esse
585 2814 707 2858 maesse
722 2799 767 2857 est
773 2794 794 2856 ³.
830 2795 897 2875 Quo
911 2795 1005 2876 facto,
1023 2816 1092 2860 eccm
1107 2795 1224 2878 reliqui
1240 2795 1423 2861 Galliarum
1442 2820 1468 2860 ss

305 2882 440 2964 episcopi
470 2889 534 2946 tum
557 2881 716 2946 Abelenus
737 2881 902 2948 monacbis
931 2905 996 2948 non
1018 2885 1119 2949 solum
1141 2906 1206 2949 non
1229 2884 1421 2964 obstiterunt,

304 2970 477 3035 sedetiam
500 2972 545 3034 ad
574 2971 797 3050 confirmanda
824 2971 1011 3037 Columbani
1032 2973 1181 3038 instituta
1203 2995 1332 3056 operam
1355 2993 1423 3038 cou-

305 3059 452 3122 tulerunt.
498 3059 671 3123 Eustasius
700 3065 804 3124 outem
827 3060 1033 3144 disciplinam
1064 3063 1271 3127 coenobialem
1294 3061 1423 3126 minime

304 3146 473 3227 remittam,
498 3145 554 3228 qui
569 3147 717 3228 Aprestio
740 3147 875 3230 aliisque
898 3149 1109 3215 secedentibus
1124 3150 1187 3215 sibi
1203 3155 1424 3215 remanserant

305 3257 356 3301 eos
379 3235 521 3317 colliqere
545 3237 694 3300 studebat.
742 3237 894 3302 Maximo
917 3240 1142 3304 monoclerum
1165 3239 1332 3303 nrrcltitudo
1354 3238 1423 3319 ipso
1442 3261 1469 3301 so

303 3325 499 3406 pubernante
526 3323 704 3388 Lunooium
734 3327 897 3408 confluait,
927 3327 975 3393 itu
1004 3333 1038 3391 ut
1067 3329 1151 3392 locus
1180 3327 1234 3390 oin
1263 3328 1425 3406 sufficeret

305 3411 432 3492 aliaque
454 3411 492 3476 in
513 3412 631 3478 meinis
658 3413 734 3479 locis
756 3415 952 3480 monasteria
975 3417 1185 3480 construenda
1207 3422 1316 3495 essent,
1344 3435 1424 3496 quac

304 3499 387 3564 siud
413 3499 681 3567 Grandioallense
703 3503 922 3568 Wuldebertus
948 3504 1016 3568 eius
1038 3503 1218 3566 successor4
1241 3501 1288 3580 (a.
1307 3509 1424 3565 629-

306 3587 387 3669 670)
411 3588 602 3669 aedificavit.
641 3591 814 3656 Eustasius
836 3591 913 3672 ipse,
933 3597 1100 3671 postquam
1117 3609 1179 3670 per
1202 3589 1336 3669 triqiuta
1356 3591 1425 3655 dies

305 3677 487 3759 oeprotooit,
512 3700 543 3742 a.
562 3685 636 3759 629,
660 3679 712 3743 die
736 3686 766 3742 2.
782 3678 919 3760 Aprilis,
944 3677 1087 3742 animam
1110 3675 1315 3757 suspiravit⁶.
1444 3702 1469 3742 ss

307 3903 333 3969 1)
356 3902 403 3953 Ea
421 3904 476 3956 loco
493 3905 696 3970 Fredcqoriana
713 3905 765 3968 IV,
782 3906 826 3968 64,
844 3919 934 3956 onrrus
956 3905 1063 3956 cormilii
1080 3903 1283 3956 Matisconcnsis
1301 3912 1424 3958 accurate

305 3973 524 4027 determinandus
547 3981 593 4041 cst,
619 3976 649 4026 id
671 3975 741 4041 quod
764 3977 946 4042 praetermisit
970 3975 1003 4030 F.
1025 3973 1157 4040 Mucsson,
1184 3975 1300 4026 Concilio
1319 3976 1343 4038 I,
1361 3978 1422 4030 206.

277 4077 279 4080 -
306 4043 334 4113 2)
347 4044 452 4110 Reputo
466 4046 564 4145 emach.
584 4062 604 4098 c.
618 4048 642 4099 1.
656 4048 680 4099 3.
744 4047 773 4110 3)
787 4046 821 4102 A.
834 4044 941 4111 Hauclc,
962 4046 1174 4130 ‘Kirclrenqcsob
1188 4046 1388 4132 Ilcutsoblands'
1399 4047 1422 4112 I,

301 4117 470 4252 {adiali
486 4115 1424 4255 uttthtttttttt'ttqttttttt‘striduit
1441 4197 1468 4236 ω

301 4257 466 4324 pcrdmossc
483 4257 614 4307 traditum
632 4261 676 4312 est.
743 4256 772 4327 4)
789 4258 819 4312 V.
838 4258 976 4312 Miraoula
994 4259 1157 4313 Wuldeberti
1173 4266 1196 4313 ot
1212 4259 1337 4312 Emtasii
1352 4266 1421 4313 auct.

304 4327 485 4451 allemand&
503 4327 568 4394 XV,
583 4329 660 4382 1172.
733 4328 761 4398 ὅ)
778 4329 844 4381 Vide
860 4346 891 4382 oa
909 4347 975 4398 quae
992 4331 1074 4396 infra
1092 4332 1128 4383 ad
1144 4331 1175 4386 V.
1195 4329 1307 4385 Colunrb.
1326 4331 1421 4396 11,10,

341 4413 375 4450 no
388 4414 438 4453 aot.
