3222 5030
414 435 541 507 lours
553 435 676 494 vffls
695 437 922 496 aoaaafflum
940 439 1049 510 mssa
1067 440 1106 497 11.
1287 443 1322 498 so

201 621 238 686 in
260 639 325 701 qua
347 618 449 684 clerus
471 619 662 686 Galliaauus
683 620 797 687 ullium
818 642 917 688 ausus
939 628 985 688 est
1006 627 1117 688 eontra
1136 621 1323 688 Columbani

201 714 325 788 sertam,
349 729 439 790 quae,
463 707 531 774 nisi
549 709 742 776 veliementer
756 710 864 791 fallor,
888 710 1002 776 uictori
1016 711 1116 792 aessit,
1140 717 1213 776 aeta
1231 712 1322 777 nulla

201 803 370 879 supersunt
391 818 490 878 neque
512 797 680 880 qumquam
708 798 853 863 meminit
874 805 1005 881 praeter
1028 800 1145 864 Ionam
1168 807 1319 866 nostrum.

207 884 270 968 Qui
288 907 357 950 aum
374 886 475 967 paula
490 893 564 968 post
578 886 758 952 Luuooium
776 888 941 954 aduenisse
959 887 1113 968 uideatur,
1137 888 1322 954 memoriam

170 998 184 1036 s
202 995 313 1040 earum
336 995 443 1040 rerum
458 975 628 1042 etiamtunc
643 983 794 1042 recentem
810 983 991 1059 reppererat
1004 977 1158 1058 mortique
1173 976 1322 1044 Enstaeii

205 1061 247 1144 (a.
267 1065 347 1147 629)
371 1064 507 1142 fortasse
529 1063 599 1148 ipse
620 1064 821 1146 interfuerat,
846 1087 916 1132 eurn
932 1065 1083 1147 pluribus
1100 1087 1170 1130 earn
1188 1065 1321 1147 deserip

203 1152 288 1218 serit.
324 1151 470 1234 Denique
486 1154 531 1218 ad
543 1153 675 1218 uirtutes
689 1153 726 1218 r'n
740 1153 931 1219 monasterio
947 1153 1158 1219 Eooriaaensi
1168 1160 1322 1240 patratas

203 1248 413 1322 transeamus,
437 1243 482 1306 ad
503 1263 584 1324 quas
606 1243 748 1307 lectorem
766 1249 878 1308 auctor
900 1241 970 1324 (II,
990 1242 1025 1325 7)
1049 1242 1101 1308 bis
1120 1243 1223 1308 uerbis
1246 1243 1322 1308 dele·

201 1336 350 1413 paverat:
374 1331 417 1394 In
440 1353 508 1414 quo
532 1327 613 1411 (sod.
632 1331 839 1415 monasterio)
864 1337 1014 1416 quantae
1033 1333 1179 1398 virtutes
1203 1336 1323 1416 postea

157 1443 185 1482 ιο
203 1421 317 1485 faciae
347 1421 489 1496 fuerint,
522 1421 551 1484 si
580 1421 654 1486 vitu
684 1442 796 1486 aomos
826 1423 943 1498 fuerit,
977 1423 1138 1506 prosequi
1166 1423 1321 1486 nitimur.

205 1509 288 1574 Sunt
309 1507 378 1590 ipso
402 1514 474 1572 teste
497 1508 601 1590 uana,
632 1529 713 1590 quae
740 1512 785 1574 ad
806 1509 1020 1576 exhortandae
1042 1510 1090 1574 uel
1113 1511 1323 1574 consolandas

202 1595 345 1679 viraines
359 1597 520 1663 Dominus
535 1599 751 1664 demonstrare
766 1598 917 1681 dipuotus
933 1605 986 1679 est,
1005 1598 1159 1680 inprimis
1176 1598 1321 1679 visiones,

204 1707 283 1768 quos
312 1685 453 1768 viraines
482 1685 519 1750 in
549 1686 696 1752 entremis
719 1687 845 1769 positae
873 1686 990 1752 uidisse
1019 1687 1083 1752 sibi
1109 1687 1196 1752 uisae
1219 1693 1321 1768 eraut,

202 1774 368 1839 iuuenibus
389 1774 518 1856 ipsoque
536 1781 677 1840 creatore
691 1775 928 1858 apparentibus,
953 1775 1049 1842 anelis
1065 1776 1193 1858 apertis,
1218 1775 1323 1842 eboris

158 1885 186 1925 a
203 1863 356 1946 aupeliois
379 1863 508 1945 auditis,
531 1884 629 1946 eaque
651 1884 731 1946 quae
747 1871 972 1947 postmortem
994 1864 1031 1930 in
1054 1865 1174 1930 sellulis
1196 1864 1322 1944 defune-

204 1959 309 2017 tarum
346 1953 395 2018 uel
412 2037 413 2040 Ἴ
431 1952 468 2016 in
505 1952 635 2020 eeclesia
669 1955 832 2020 obseruata
870 1960 952 2036 suut,
991 1953 1140 2018 odoribus
1172 1953 1323 2018 srmuibus

204 2042 403 2124 balsamoque
437 2042 648 2107 redolentibus
682 2041 933 2124 'luminibusque
964 2041 1052 2106 uisis.
1103 2043 1194 2106 Haeo
1225 2041 1322 2107 mira·
1341 2063 1416 2113 uu.

204 2130 275 2198 aula
309 2152 348 2196 ea
381 2151 477 2213 quam
514 2133 602 2212 apud
637 2129 779 2213 viraines
812 2129 1043 2196 Enoriaaenses
1076 2131 1324 2212 deprehenderat

203 2226 303 2286 ruente
331 2239 453 2301 parum
487 2241 571 2285 sana
602 2220 704 2284 Ionas
737 2219 977 2302 dilipentissinre
1011 2219 1125 2285 litteris
1157 2217 1325 2285 mandauit

158 2330 186 2370 n
203 2308 328 2390 ipseque
347 2307 563 2391 obiurpatioui
580 2329 687 2374 eorum
704 2307 772 2372 iam
790 2310 979 2390 occurrebat,
1003 2308 1059 2390 aui
1081 2330 1151 2374 eum
1175 2309 1236 2374 ‘res
1258 2328 1323 2373 non

203 2397 402 2463 necessarias
425 2396 604 2480 compilare'
626 2396 808 2463 iudicarent
817 2397 839 2461 ¹.
889 2398 978 2464 Certe
1007 2399 1084 2464 leaeo
1113 2397 1217 2480 operis
1240 2417 1323 2479 pars

203 2485 352 2566 intimum
380 2487 481 2552 laeum
509 2486 634 2568 obtinet,
664 2485 723 2552 etsi
752 2509 869 2569 uepare
897 2487 979 2568 uolo,
1010 2508 1048 2552 ea
1076 2507 1157 2569 quae
1186 2488 1224 2552 de
1252 2507 1321 2567 usu,

203 2574 279 2656 uita,
298 2575 439 2641 moribus
454 2575 615 2658 uirainum
630 2575 667 2641 in
682 2575 874 2642 monastario
889 2575 1066 2658 depentirun
1081 2575 1168 2641 testis
1182 2575 1324 2642 andalus

204 2664 310 2729 attulit
331 2665 420 2730 baud
435 2664 534 2746 parui
556 2665 704 2730 momenti
726 2685 791 2730 esse
809 2666 854 2728 ad
875 2667 1119 2747 aoauosoeudum
1139 2663 1230 2729 illius
1252 2662 1323 2730 aeui
1406 2674 1408 2680 '

158 2773 186 2814 u
204 2773 269 2818 uon
291 2753 391 2818 solum
412 2752 662 2836 orcadarum,
686 2755 742 2820 sed
762 2753 858 2818 etiam
872 2753 1059 2819 intestinum
1073 2774 1180 2818 rerum
1195 2758 1320 2818 statum.

313 2861 407 2942 Saue,
438 2881 478 2926 ue
505 2860 628 2926 auotori
649 2859 808 2925 iniuriam
831 2859 1021 2941 inferamus,
1050 2861 1239 2924 morrendmn
1269 2864 1321 2939 est,

204 2949 287 3015 uitas
309 2956 491 3016 tariotarum
513 2971 548 3014 ea
571 2955 693 3014 tantum
717 2949 848 3014 enuntio
879 2950 919 3014 ab
947 2948 1017 3030 ipso
1039 2947 1226 3030 compositas
1247 2968 1322 3029 esse,

204 3045 239 3102 ut
260 3040 411 3120 quomodo
434 3060 455 3102 a
473 3037 694 3104 adustionibus
712 3037 962 3120 bapiopropbis2
978 3036 1168 3118 priscorum*
1183 3037 1324 3118 enempla

204 3127 365 3192 imitanda
379 3127 448 3192 suis
463 3126 652 3210 temporibus
669 3126 828 3209 praestita
844 3131 953 3207 essent,
971 3125 1020 3190 ita
1034 3124 1102 3206 ipse
1116 3123 1323 3190 recentiorum

160 3235 187 3276 so
205 3222 235 3282 et
262 3215 360 3281 odam
389 3216 582 3281 laudabilem
611 3222 641 3280 et
667 3214 827 3280 miracula
849 3213 1031 3296 posteritati
1059 3214 1104 3278 ad
1131 3211 1324 3278 imitandum

198 3311 398 3388 proponeret.
443 3304 618 3370 Consilium
639 3302 740 3386 ipitur
758 3302 992 3368 adhortatioum
1008 3307 1192 3384 persecutus
1213 3307 1260 3366 est
1281 3301 1326 3366 ad

199 3393 378 3476 profectum
394 3395 608 3476 perfectorum
625 3391 932 3472 ernendatianernque
949 3389 1207 3472 delinquentium.
1245 3388 1325 3456 um

205 3482 365 3548 miracula
376 3483 533 3548 nonnulla
545 3481 735 3565 eoaupelr'uis
749 3480 916 3546 simillima
930 3481 1123 3546 Oolumbauo
1134 3478 1323 3560 attribuerit,

206 3591 241 3636 eo
254 3571 359 3653 maais
373 3572 510 3651 fortasse
524 3577 705 3655 peccatores
720 3570 858 3652 enamplo
872 3568 1021 3654 maaistri
1039 3569 1084 3635 ad
1098 3568 1325 3651 perfeetionun

162 3680 188 3722 u
205 3659 343 3726 incitare
365 3660 427 3726 sibi
448 3660 624 3726 uidebatur.

313 3767 482 3833 Historiae
511 3768 715 3832 Francorum
745 3767 848 3832 Ionas
876 3772 912 3832 ut
942 3771 1012 3831 erat
1038 3764 1231 3847 perepriuus
1260 3785 1325 3830 nou

207 3858 284 3921 adeo
318 3877 437 3939 nerana
464 3855 587 3938 peritia
614 3857 814 3941 praestabat.
876 3855 1104 3921 Columbauum
1138 3853 1232 3934 enim,
1270 3852 1326 3935 aui

206 3944 352 4010 uicesimo
375 3965 462 4010 anuo
486 3941 544 4023 (=
562 3951 637 4008 610.
652 3967 687 4027 p.
708 3944 803 4027 Obr.)
827 3947 981 4010 desertum
1004 3941 1122 4024 Vosapi
1143 3941 1324 4022 reliquerat,

206 4054 241 4097 eo
270 4033 436 4098 aduenisse
465 4033 577 4099 statuit
606 4033 763 4115 Sipiberto
790 4039 952 4114 manante,
987 4031 1040 4097 oui
1068 4033 1130 4096 duo
1163 4051 1264 4112 repua
1298 4035 1327 4094 et

162 4145 189 4184 a
206 4121 453 4187 Austrasiorum
476 4129 505 4188 et
525 4122 798 4204 Burpundiouum
822 4121 1006 4202 attribuit⁸;
1034 4140 1069 4184 eo
1098 4124 1203 4182 autem
1231 4117 1325 4181 iuter·

205 4211 287 4290 fecto
320 4211 358 4276 in
391 4217 557 4293 utrumque
586 4232 719 4294 repnum
746 4210 981 4277 Obilrlebertum
1009 4206 1114 4288 filium
1143 4204 1326 4270 maressisse

208 4411 235 4480 ι)
253 4412 282 4466 r.
303 4411 418 4466 eorum.
437 4411 478 4478 η,
493 4414 534 4467 rs.
607 4413 636 4479 2)
654 4411 778 4478 Io.1,1.
850 4413 879 4477 s)
900 4409 942 4464 a.
960 4409 1023 4474 so.
