3222 5030
404 485 530 556 Ioues,
543 484 665 543 mss
684 473 912 544 cononem
928 488 1038 544 mem
1055 489 1096 548 11.
1275 494 1309 548 51

189 671 358 738 historiam
381 669 585 752 relepctionis
607 692 766 753 novaeque
784 670 1055 753 pereprinatioms
1070 693 1133 754 per
1154 673 1310 738 Alcman

189 761 280 826 niam
302 760 340 824 in
362 757 497 824 ltaliam
518 779 616 841 usque
638 761 684 824 od
704 759 821 824 clitum
842 760 975 840 felicem,
998 759 1022 824 i.
1038 781 1064 825 e.
1082 760 1173 826 intra
1187 781 1310 844 paucos

190 871 295 916 annos
314 855 376 914 607
381 853 507 911 —6l5.
528 853 626 930 posta,
650 847 892 930 comprehendit.
929 848 1119 914 Procedente
1137 849 1221 914 enim
1238 856 1309 915 tem

185 959 264 1020 pore
286 939 390 1018 fontes
411 957 446 1000 eo
469 935 599 1002 uberim
615 937 718 1016 stane
737 943 911 1018 coeperunt,
935 958 996 1020 quo
1017 936 1125 1003 minus
1146 938 1184 1003 cle
1205 937 1310 1004 sancti

160 1049 173 1090 s
184 1025 378 1109 primordiis
411 1031 441 1090 et
473 1025 709 1091 conuersatione
740 1024 921 1091 Hilernica
954 1025 1156 1092 abundantio
1187 1027 1309 1110 fideque

183 1117 403 1198 praestabant,
432 1134 598 1196 perpauca
631 1120 755 1180 tardum
782 1135 962 1197 parumque
995 1121 1096 1197 certa,
1131 1137 1171 1180 ne
1204 1115 1309 1181 dicam

189 1204 338 1285 fabulosa
360 1205 528 1268 tranum.
571 1203 673 1268 Ionas
694 1202 858 1286 utriusque
879 1203 1067 1270 monasterii
1088 1210 1119 1270 et
1138 1203 1310 1270 Boliensis

190 1299 219 1358 et
248 1291 460 1358 lemannus
488 1291 652 1372 prosimos
684 1291 789 1358 sancti
819 1312 1011 1358 successores
1039 1299 1070 1358 et
1096 1292 1252 1358 Athalam
1280 1299 1310 1358 et

189 1380 378 1446 Eustasium
407 1386 497 1445 testes
523 1380 623 1446 citare
649 1386 777 1462 poterat
804 1387 897 1462 atque
925 1381 1096 1447 etiamtunc
1128 1381 1310 1464 superstites

147 1493 173 1532 ιο
189 1491 285 1552 quam
308 1469 468 1552 plurimos
495 1489 603 1533 eorum
632 1490 697 1533 esse
727 1469 916 1551 affimavit,
951 1469 1007 1551 qui
1035 1470 1195 1536 miracula
1223 1472 1311 1552 apud

189 1565 333 1624 sanctum
346 1564 481 1641 patrata
499 1563 529 1622 et
544 1556 699 1622 uidissent
712 1564 742 1622 et
758 1557 822 1640 ipsi
836 1557 1107 1624 cnarramssent1.
1145 1559 1307 1641 Auctores,

190 1671 212 1714 a
246 1647 360 1730 anilia
392 1645 551 1712 miracula
585 1652 755 1728 acceperat,
793 1668 885 1729 saepe
918 1647 1104 1730 nominavit,
1139 1649 1221 1713 uelut
1252 1647 1309 1729 aui

195 1735 422 1803 &inurbanum
444 1735 481 1799 in
504 1737 659 1800 desertum
689 1734 829 1800 comitati
852 1735 996 1817 piscibm
1025 1736 1190 1818 capiendis
1217 1759 1308 1802 vaca-

189 1831 310 1906 verant,
346 1823 573 1889 Sonielcarium
606 1829 681 1888 tunc
714 1824 939 1889 adolescentem
972 1825 1076 1890 adluc
1113 1825 1308 1906 superstitem

147 1935 171 1975 a
189 1921 281 1996 atque
296 1912 530 1979 celeberrimum
550 1911 680 1978 Gallum
696 1911 794 1994 illum,
818 1933 949 1994 quocum
964 1912 1084 1978 diutius
1106 1919 1308 1978 conversatus

188 2003 313 2068 oidetur
337 2023 402 2067 esse
412 2004 432 2065 ².
484 1999 724 2083 llcendepisilus
752 2000 887 2083 dipitum
916 2000 953 2065 in
980 2003 1121 2066 metendo
1151 2001 1307 2066 abscisum

189 2099 281 2173 atque
302 2090 407 2155 salina
429 2090 533 2156 sancti
554 2095 705 2155 sanatum
727 2089 758 2154 ei
785 2088 853 2170 ipse
875 2095 1105 2155 monstraverat
1114 2091 1135 2171 ³,
1164 2089 1307 2170 idenram

189 2181 285 2246 eliam
316 2181 354 2244 de
385 2186 483 2244 morte
515 2179 648 2244 alterius
681 2176 878 2260 Oolnmlani,
911 2177 967 2260 qui
997 2200 1065 2244 una
1097 2199 1167 2244 cum
1197 2184 1306 2243 sancto

116 2323 118 2326 .
189 2291 228 2334 en
250 2268 413 2334 Hibernia
443 2269 624 2348 advenerat,
655 2266 685 2331 ei
713 2266 868 2332 rettulisse
896 2267 1059 2332 uidetur4:
1087 2267 1197 2347 fuerat
1222 2266 1306 2332 enim

143 2384 171 2424 n
188 2357 334 2422 minister
349 2357 447 2422 illius.
472 2357 527 2422 Ea
542 2378 623 2438 quae
636 2355 803 2421 Winiocus
811 2356 976 2438 presbyter
988 2355 1114 2420 oiderat
1126 2355 1307 2421 miracula⁵

188 2447 325 2526 fortasse
353 2445 444 2526 filins
471 2445 574 2528 ipsius
602 2443 784 2510 Balalenns
812 2446 910 2509 albas
937 2444 1112 2510 enarravit.
1158 2445 1307 2510 Donatus

188 2535 350 2617 episcopus
379 2533 643 2615 Vesontionensis,
674 2535 712 2598 de
742 2532 831 2599 cuius
854 2533 977 2615 oripine
999 2540 1029 2598 et
1049 2533 1180 2613 familia
1203 2535 1233 2615 I,
1256 2537 1305 2597 14.

189 2624 316 2704 rettulit,
347 2623 517 2688 etiamtunc
546 2622 632 2686 inter
653 2622 740 2686 oinos
769 2628 847 2687 erat.
894 2622 987 2687 Inter
1009 2629 1153 2687 auctores
1174 2622 1307 2688 alterius

181 2713 300 2795 partis,
331 2733 412 2793 quae
440 2711 575 2776 maioris
603 2711 751 2776 momenti
774 2717 819 2775 est
841 2717 933 2792 aequo
955 2709 1051 2775 etiam
1074 2713 1118 2775 ad
1139 2711 1306 2775 historiam

142 2821 170 2862 n
184 2801 349 2883 politicam
371 2801 571 2872 scribendam
594 2799 762 2864 materiam
784 2799 892 2864 utilem
910 2799 1014 2880 affert,
1032 2799 1177 2880 primum
1193 2800 1308 2881 procrd

188 2889 283 2954 dubio
317 2890 418 2954 locum
447 2890 568 2954 Atlala
602 2895 632 2952 et
660 2887 834 2953 Eustasius
866 2894 1027 2969 oceupant,
1062 2909 1139 2969 quos
1168 2888 1307 2952 Dueooii

187 2979 312 3044 relictos
340 2980 378 3042 de
407 2978 514 3044 cauus
540 2977 631 3042 emlii
653 2976 765 3058 optime
786 2976 958 3040 instructos
979 2976 1080 3055 fuisse
1102 2983 1229 3058 oportet.
1273 2977 1309 3041 Ε

187 3067 301 3149 quibus
329 3088 414 3131 nnus
442 3065 621 3132 ministerio
649 3065 837 3131 Columbani
866 3064 1035 3129 adiunctus
1063 3065 1180 3146 fuerat,
1215 3066 1305 3146 alter,

187 3156 307 3222 scilicet
328 3155 530 3236 Ercstasins⁶,
554 3157 658 3236 ipsum
680 3153 717 3218 in
744 3153 953 3218 Tleudelerti
974 3173 1106 3235 repnum
1128 3155 1307 3218 subsecutus

140 3271 169 3310 so
187 3244 380 3310 miraculum
404 3265 503 3326 prope
524 3243 736 3326 Bripantiom
754 3248 919 3323 patratum
941 3241 1068 3319 rettulit,
1099 3240 1212 3306 deinde
1241 3244 1306 3306 oice

187 3333 293 3398 sancti
315 3333 514 3398 Domooiense
545 3331 771 3396 monasterium
799 3332 983 3413 pulsrnans
1011 3330 1101 3394 iussu
1128 3329 1307 3395 Ollotlcarii

187 3421 375 3504 lepotionem
397 3421 487 3487 illam
509 3420 652 3503 suscepit,
676 3422 714 3484 de
736 3441 801 3500 qna
818 3418 856 3483 in
873 3419 956 3484 calce
974 3418 1050 3484 libri
1072 3419 1207 3484 relatum
1230 3425 1276 3484 est
1285 3419 1306 3483 ⁷.

193 3511 302 3576 Omnes
330 3517 435 3576 autem
460 3509 589 3575 itineris
616 3509 714 3589 illins,
748 3529 809 3590 quo
837 3507 1048 3574 Columbanus
1076 3530 1092 3573 e
1119 3507 1307 3574 lleuderiei

187 3619 285 3681 repno
316 3600 559 3680 *reportabatun
589 3597 760 3663 etimntnnc
788 3598 917 3680 depelat
938 3596 1126 3663 Potentinns
1135 3598 1156 3678 ⁸,
1187 3597 1242 3679 qui
1269 3597 1307 3663 in
1325 3620 1399 3670 mss.

7 3745 9 3778 ι
139 3715 169 3756 ss
187 3688 324 3754 dioecesi
351 3687 556 3754 Constantine
588 3686 679 3752 nidis
711 3685 937 3752 monasterium
971 3686 1163 3752 condiderat.
1215 3686 1308 3752 Inter

187 3777 318 3842 clericos
346 3776 493 3842 ecclesiae
515 3775 792 3858 Mapontiacensis
821 3775 922 3840 Ionas
951 3775 1133 3854 familiares
1159 3776 1307 3841 ualuisse

187 3865 321 3947 oidetnr,
345 3865 401 3947 qui
422 3864 527 3946 ipsum
549 3867 587 3929 de
609 3864 772 3946 colloquiis
792 3863 962 3929 Lesionis⁹
984 3864 1122 3950 episcopi
1144 3863 1307 3930 certiorem

112 3949 122 3966 ⁶
187 3955 340 4034 facerent.
379 3953 527 4034 Denique
550 3953 644 4018 liberi
664 3951 861 4034 Cleapueuici
882 3952 973 4017 illius
992 3953 1201 4018 Thcudeberti
1222 3953 1307 4035 repis

188 4043 347 4124 convince,
366 4042 404 4107 in
421 4041 512 4107 cuius
527 4044 617 4106 dorno
633 4062 695 4124 per
710 4042 874 4106 Meldense
889 4041 1084 4106 territomnm
1097 4040 1307 4124 proficiscens

140 4267 171 4308 aa
189 4254 216 4320 1)
237 4252 280 4316 Of.
297 4253 439 4318 epistulam
454 4251 485 4306 l'.
504 4250 660 4302 Columlum'
671 4253 860 4316 praemissam.
915 4251 942 4318 2)
957 4249 987 4304 V.
1001 4249 1115 4314 Commi.
1127 4248 1151 4313 I,
1165 4249 1211 4301 11:
1228 4245 1306 4301 Haeo

189 4323 268 4376 nobis
286 4339 369 4389 supra
387 4321 475 4374 dictus
487 4319 584 4374 Gallus
601 4333 665 4388 sepe
683 4321 813 4376 narravit.
844 4321 931 4373 noma
943 4321 973 4371 in
984 4321 1096 4371 odiliam
1106 4317 1306 4371 Mobillouiauo

189 4395 367 4447 desideratur.
431 4395 460 4460 3)
478 4393 508 4447 V.
528 4391 742 4459 colummis.
806 4393 835 4459 4)
855 4392 899 4445 [a.
914 4390 939 4455 I,
954 4393 995 4445 l'l.
1054 4388 1325 4454 5)1o.1‚15.17..

190 4463 375 4534 s)1o.1,27.
448 4462 639 4530 7)Io.l,30.
711 4463 740 4529 8)
761 4461 901 4526 Io.1,21.
973 4459 1158 4527 s)1o.1‚27.

1061 4565 1095 4619 4*
