3222 5032
443 511 568 582 IONAS,
582 512 703 568 VITAE
723 511 951 568 OOLUMBANI
969 513 1078 568 LIBRI
1096 513 1135 571 Π.
1298 518 1349 574 131

229 721 251 760 u
275 719 334 776 pro
364 719 399 760 0:
440 704 469 761 2.
490 702 558 761 decl.
583 719 640 760 acc.
660 702 705 775 pl.
730 703 853 760 vicinus
876 702 951 777 ΒΜ

445 781 658 870 [abominatus
682 783 759 865 Fri,

443 881 631 940 caenobium
650 879 681 937 Β
696 881 733 938 la
756 897 818 938 mm
836 879 892 938 Fr.
916 873 1011 952 (semel
1034 876 1163 954 cinubii)
1185 887 1212 942 et
1231 881 1263 941 V.
1284 881 1348 942 Iot.

489 987 512 1027 c.
534 971 572 1026 17
597 963 657 1040 (ubi
680 969 795 1042 saepius
817 965 1028 1042 coenubium),

196 1073 210 1113 o
445 1047 606 1136 [costudiis
630 1050 707 1131 Fr.]‚

446 1137 562 1224 [lucum
580 1165 631 1220 pr.
655 1165 693 1205 m.
717 1145 745 1202 A
761 1139 818 1220 lai,

444 1237 526 1294 ·ori·:
552 1236 767 1312 perfuncturio
789 1236 820 1293 Β
836 1236 881 1294 la.
899 1236 925 1304 b,

496 1325 698 1382 reiecturium
721 1324 802 1383 Ala
825 1342 887 1383 cum
910 1323 976 1394 Fir„

456 1417 603 1489 permuta
625 1401 705 1490 Fri,

185 1517 211 1556 ro
455 1503 681 1578 prestulantur‚
706 1504 919 1578 scapularum,
948 1507 1074 1579 turpere
1100 1522 1152 1578 pr.
1175 1521 1214 1564 m.
1238 1504 1266 1562 A
1281 1493 1346 1584 la];

228 1627 265 1667 oe
282 1627 342 1684 pro
365 1627 397 1668 e:
440 1611 544 1684 coepit
566 1609 656 1667 Ala.
673 1608 699 1666 b.
723 1607 754 1666 Β
769 1609 816 1678 la,
840 1611 1003 1685 concoepti
1024 1608 1114 1684 Ala,

439 1699 582 1756 loetifera
605 1697 633 1754 A
647 1699 675 1756 2.
700 1697 731 1755 Β
746 1699 792 1756 la.
810 1697 835 1755 b.
862 1699 891 1769 2,

440 1805 558 1864 poenes
577 1787 633 1845 Fr.
653 1791 680 1845 et
702 1786 778 1845 alias
795 1786 882 1856 Ala,
902 1786 985 1846 Ala.
1005 1789 1034 1857 2,
1058 1786 1143 1847 Ala.
1168 1788 1257 1858 Bla,
1279 1787 1347 1847 A4.

493 1876 524 1934 Β
539 1877 620 1934 lab
643 1869 763 1951 (poenis
781 1893 833 1949 pr.
850 1894 888 1933 m.
904 1877 932 1933 A
948 1878 1003 1949 la,·
1025 1891 1124 1957 penes
1147 1876 1226 1936 Bla
1248 1895 1330 1951 saepe
1336 1900 1348 1952 ;

182 1985 208 2024 15
494 1983 611 2041 paones
633 1964 665 2021 V.
687 1963 753 2022 Ved.
778 1982 801 2023 c.
822 1959 868 2037 7);

229 2061 260 2152 [p
283 2073 409 2131 inserta:
443 2073 581 2147 dampno
605 2072 633 2129 A
647 2073 695 2141 la,
719 2089 806 2140 corr„

440 2164 642 2236 tempnentes
666 2159 755 2218 Ala.
782 2149 830 2238 2];

227 2287 248 2343 p
271 2267 393 2326 omissa:
443 2268 674 2343 depromsimus
698 2267 726 2324 A
742 2268 787 2325 lu.
812 2267 842 2324 Β
857 2268 912 2336 1α;

226 2367 271 2441 ph
288 2383 348 2438 pro
370 2383 406 2422 v:
444 2367 582 2440 stipham
606 2355 759 2442 (stiptam
782 2357 873 2441 Ala)
896 2363 985 2423 Ala.
1009 2363 1040 2422 Β
1055 2365 1108 2434 la;

182 2480 242 2520 ror
265 2462 381 2522 addita:
441 2463 560 2520 trustra
583 2463 663 2522 codd.
689 2481 753 2522 cum
775 2462 842 2532 Fe,
866 2463 942 2522 alias
963 2462 991 2520 A
1007 2463 1051 2522 lb.
1071 2465 1100 2520 2.
1125 2461 1205 2533 Bs;

226 2580 247 2618 x
263 2579 322 2635 pro
345 2579 397 2619 xs:
426 2562 544 2633 'exilia
570 2563 728 2630 existeret,
752 2564 926 2636 expectare,

442 2641 483 2728 [at
505 2651 695 2725 exspoliator
717 2648 745 2706 A
760 2639 819 2728 la],

439 2741 650 2808 exulandum

227 2825 275 2914 [rs
296 2854 355 2911 pro
379 2855 409 2894 s:
442 2838 565 2912 prolexs
589 2826 670 2912 Fr.];

180 2953 207 2994 ro
225 2954 262 2992 xs
280 2953 339 3008 pro
362 2953 397 2992 x:
441 2937 653 3010 exsequentur
675 2932 703 2990 A
718 2933 764 2992 Ia.
784 2935 812 2992 2.
837 2934 867 2991 Β
882 2935 937 3007 la;

226 3050 264 3089 ex
282 3051 341 3107 pro
365 3051 395 3090 s:
441 3033 690 3108 expectaculum,

439 3126 585 3195 exspreta
607 3120 683 3179 Alc
708 3120 763 3192 (cf.
787 3122 930 3196 exprevit
949 3119 981 3177 V.
1006 3118 1070 3178 Iota
1095 3119 1210 3189 c.10);

227 3237 248 3292 y
267 3236 324 3292 pro
347 3220 373 3276 i:
444 3209 562 3296 [cybus
586 3220 698 3293 ymber
720 3236 829 3291 semper
851 3218 879 3275 A
894 3205 954 3293 la],

439 3313 510 3383 tyro
532 3308 560 3365 A
575 3310 622 3365 lu.
641 3309 670 3365 2.
694 3307 767 3365 Rs.

182 3430 209 3470 m
333 3407 587 3473 Permutationes
610 3406 789 3472 litterarum
812 3427 891 3471 es-
905 3407 928 3482 i,
964 3427 1043 3470 0-
1059 3428 1083 3470 u
1112 3406 1209 3470 multo
1232 3407 1344 3487 plnres

226 3496 313 3578 uprcd
327 3496 560 3578 Fredeyurium
575 3517 671 3577 quum
686 3495 723 3560 in
742 3494 900 3560 codicibus
917 3493 1037 3559 nostris
1059 3495 1343 3577 deprehenduntur,

225 3584 352 3665 uerique
375 3607 440 3650 non
462 3584 617 3650 dissimile
640 3591 685 3650 est
707 3591 831 3664 testum,
855 3604 945 3665 quem
964 3583 1008 3647 ad
1028 3583 1085 3648 hos
1104 3584 1185 3649 solos
1202 3584 1345 3665 formare

219 3674 320 3755 potui,
344 3680 497 3756 quantum
520 3676 564 3739 ad
578 3673 735 3738 rationem
753 3671 912 3738 scribendi
930 3678 1056 3738 auctore
1078 3672 1147 3755 ipso
1163 3673 1264 3756 panio
1279 3695 1345 3740 esee

225 3763 483 3844 emendatiorem,
523 3783 593 3827 cum
629 3762 685 3844 qui
719 3768 828 3827 entant
860 3761 980 3828 codices
1013 3763 1172 3828 saccutum
1204 3763 1248 3827 X.
1279 3785 1345 3828 non

181 3857 381 3933 recuperent.
427 3851 579 3915 Attamen
609 3850 646 3916 in
674 3851 858 3916 universum
887 3850 967 3914 liber
989 3851 1018 3915 Ι.
1042 3851 1091 3916 ita
1120 3851 1259 3917 traditus
1289 3858 1342 3934 est,

225 3939 306 4004 siud
327 3946 438 4006 auctor
459 3961 529 4004 eum
552 3947 772 4022 composuerat,
803 3938 960 4022 dubiaque
975 3961 1087 4023 pauca
1109 3940 1342 4022 relinquuntur.

225 4027 487 4111 Discrepantiam
514 4027 680 4093 lectionum
709 4027 906 4094 variantium
936 4029 980 4092 ad
1005 4029 1249 4111 orthoyraphicu
1272 4049 1344 4111 per-

225 4116 374 4182 tinentem
396 4139 462 4182 non
480 4116 574 4182 attuli
596 4117 663 4182 nisi
678 4117 868 4199 crantorem.
908 4116 1053 4182 Nomina
1073 4118 1190 4182 'autem
1207 4117 1345 4198 propria
1363 4142 1437 4192 una

225 4227 247 4270 a
269 4212 354 4271 tentu
375 4205 594 4290 discrepantia
617 4205 791 4288 apparatui
813 4211 958 4270 accurate
980 4204 1086 4286 intuli,
1118 4204 1253 4286 exceptis
1281 4205 1344 4270 usi

179 4318 207 4357 a
225 4294 394 4360 tutioribus
416 4294 555 4376 oriyinis
582 4293 803 4374 Germanicae,
827 4313 907 4374 quae
929 4292 1055 4358 cottedu
1071 4292 1275 4376 praefationi
1296 4293 1344 4359 in·

225 4403 328 4448 serere
357 4383 460 4450 nisum
490 4389 544 4464 est,
575 4403 614 4446 ne
643 4402 765 4466 semper
788 4383 912 4446 eaedem
935 4387 991 4444 aut
1012 4380 1081 4460 fere
1104 4383 1227 4448 eaedem
1250 4381 1344 4447 itera-

224 4477 337 4536 rentur
359 4472 515 4538 lectiones.
554 4469 642 4535 Dum
664 4470 701 4534 in
718 4469 879 4551 plerisque
902 4468 1061 4535 codicibus
1083 4469 1217 4537 nominc
1236 4471 1343 4553 Hild,

1100 4593 1133 4650 9*
