3222 5032
444 499 571 567 IONAS,
585 497 708 553 VITAE
727 495 955 552 OOLUMBANI
972 494 1081 550 LIBRI
1098 494 1138 551 II.
1301 497 1352 552 137

232 681 475 764 splendidasque
497 681 581 746 idem
603 681 688 746 solus
710 679 850 745 seruauit
871 679 959 744 haud
983 698 1114 759 paneas,
1145 675 1278 759 reliquis
1300 679 1351 742 ab·

232 772 414 837 errantibus
437 770 601 836 omnibus:
668 821 672 830 ,

270 861 323 940 II,
338 867 368 925 9.
416 855 616 944 colligabim]
634 857 666 922 A
677 864 732 938 le,·
747 858 941 922 collocatim
959 855 993 920 B
1004 863 1064 936 1a;
1077 855 1261 920 bellieabim
1277 853 1349 933 A2;

417 950 589 1014 stilliabim
613 947 646 1011 A
662 949 721 1027 1d‚·
744 947 947 1030 singillatim
972 944 1077 1025 A1b;
1100 964 1159 1007 om.
1183 944 1215 1006 A
1232 951 1274 1024 lc,

195 1061 209 1101 s
232 1045 325 1120 atque
346 1037 499 1120 inprimis
528 1037 564 1101 in
587 1035 764 1101 Miraeulis
785 1033 1056 1099 Euoriuoensibus
1085 1053 1258 1096 sermonem
1281 1054 1352 1098 aue·

233 1126 311 1191 toris
339 1148 460 1208 parum
495 1131 665 1190 correctum
698 1145 737 1189 erc
770 1124 827 1188 hac
858 1122 961 1188 codice
989 1121 1083 1186 semel
1112 1127 1205 1202 atque
1237 1120 1351 1186 iterum

232 1215 345 1280 melius
368 1214 511 1298 coquosei
534 1214 606 1279 licet
627 1234 722 1295 quum
745 1234 783 1277 eu
804 1211 954 1293 reliquis:

271 1305 390 1386 II,ll.
416 1305 584 1370 coenubio
613 1338 658 1347 -
688 1323 789 1386 quem
819 1337 863 1345 —
897 1298 1075 1385 quemque]
1108 1301 1140 1364 A
1160 1305 1214 1380 leq·
1249 1321 1275 1364 o¹
1307 1336 1352 1345 -

415 1395 507 1477 quod
530 1428 575 1436 —
598 1393 757 1475 quodque
782 1386 884 1474 (quod
908 1389 940 1452 A
955 1396 1000 1454 lc.
1017 1392 1050 1468 d)
1072 1390 1162 1470 rell.,·

188 1501 215 1540 10
303 1481 346 1546 ib.
416 1504 493 1546 cum
517 1475 659 1564 fluonia]
684 1480 787 1559 Ale;
810 1501 888 1544 cum
911 1479 1051 1544 fluentis
1075 1479 1170 1544 Alb.
1189 1499 1224 1560 c,·
1247 1500 1274 1542 c.
1291 1479 1352 1542 flu-

416 1572 489 1636 enti
512 1565 664 1654 (fluenbi:
689 1564 788 1650 Aba)
811 1569 844 1632 A
860 1569 907 1632 ld.
934 1574 986 1631 2a.
1009 1568 1044 1632 Β
1058 1575 1109 1633 lo.

232 1660 325 1724 Haec
347 1665 412 1724 toto
434 1659 541 1740 stirps,
565 1657 684 1723 scilicet
705 1657 737 1720 A
753 1664 797 1722 lc.
814 1659 845 1721 d.
862 1679 886 1737 e,
910 1679 978 1720 una
1001 1678 1070 1721 cum
1094 1657 1175 1721 libro
1199 1656 1352 1721 deteriore

231 1748 264 1812 A
277 1755 329 1830 ba,
360 1748 415 1830 qui
446 1770 515 1813 cum
546 1746 679 1828 reliquis
709 1752 861 1811 accurata
890 1745 1068 1810 imitatione
1091 1751 1211 1810 certare
1233 1745 1349 1827 nequit,

231 1837 392 1902 lectionem
415 1836 578 1919 archetypi
600 1837 669 1900 sola
692 1835 831 1899 seruauit
852 1835 881 1898 h.
907 1835 947 1898 l..·

187 1963 212 2002 15
268 1944 387 2025 11312.
412 1944 567 2028 posbulab
589 1944 680 2027 pabri
699 1936 880 2025 matrique]
898 1941 986 2006 Alc.
1000 1943 1068 2006 de.
1086 1947 1148 2023 *2a;
1167 1965 1199 2026 p.
1216 1946 1349 2026 patrem

416 2037 627 2116 matremque
651 2029 728 2115 (que
753 2052 811 2094 om.
836 2025 932 2114 Alb)
955 2031 1050 2098 Alb.
1075 2030 1107 2094 B
1123 2037 1170 2094 la.

232 2139 447 2222 Exemplaria
469 2161 507 2203 ea
530 2159 609 2219 quae
631 2137 666 2202 B
681 2146 721 2202 la
744 2136 890 2202 adhibuit
913 2136 1031 2202 nostris
1054 2135 1211 2201 codicibus
1233 2135 1291 2200 Al
1316 2145 1352 2202 ut

232 2227 419 2308 antiquiora
441 2227 489 2291 ita
512 2227 607 2292 etiam
637 2225 854 2291 emendatiora
883 2225 993 2306 fuisse,
1026 2246 1065 2290 ca
1099 2231 1199 2290 aetate
1229 2232 1258 2290 et
1286 2227 1351 2305 fide

232 2315 328 2380 huius
351 2315 426 2381 libri
449 2315 554 2397 colliqi
577 2315 648 2380 licet
670 2322 762 2396 atque
784 2314 822 2378 in
846 2315 881 2378 V.
905 2315 1046 2395 Bertulli
1069 2313 1152 2379 idem
1175 2336 1244 2380 cum
1268 2315 1350 2380 socio

188 2426 215 2464 ro
232 2405 316 2469 Alb
334 2404 495 2486 eolleqium
511 2405 645 2470 alterum
660 2405 692 2467 A
709 2412 757 2468 la.
776 2410 819 2468 ba
834 2404 923 2469 haud
942 2425 1019 2468 raro
1042 2424 1194 2485 superare
1215 2403 1349 2468 uidetur.

232 2495 278 2558 In
299 2494 484 2558 universum
506 2515 582 2558 aera
605 2493 693 2558 lectio
715 2493 753 2557 in
775 2513 959 2575 unoquoque
981 2493 1050 2572 fere
1067 2492 1170 2558 codice
1188 2514 1350 2558 occurrere

225 2589 354 2665 poterat
376 2589 468 2664 atque
491 2582 527 2648 in
550 2582 727 2647 Miraculis
749 2582 1019 2648 Enoriacensibus
1047 2583 1150 2662 fontes
1179 2581 1282 2646 nostri
1303 2583 1350 2647 ita

231 2671 391 2752 deliciunt,
420 2678 456 2736 ut
484 2693 549 2736 uon
578 2673 671 2736 semel
694 2673 738 2736 od
760 2671 972 2736 coniecturum
995 2671 1239 2754 confuqiendum
1263 2679 1348 2736 esset.

337 2778 434 2842 Libri
456 2778 510 2841 ΙΙ.
528 2784 641 2859 partes
663 2777 809 2860 sinqulas
832 2800 901 2843 cum
925 2778 1081 2843 codicibus
1104 2779 1349 2844 Ala.b.b1.c.

186 2888 212 2927 ss
231 2874 332 2932 Ma.
355 2866 390 2930 B
404 2874 444 2932 la
467 2866 594 2948 contuli,
618 2889 688 2932 cum
711 2869 744 2931 A
760 2869 842 2932 lde
865 2867 996 2932 contulit
1017 2867 1067 2932 W.
1087 2867 1225 2932 Leaison
1247 2868 1351 2933 socius

230 2977 326 3020 mens.
365 2955 629 3037 Discrepantiam
658 2955 824 3020 lectionum
853 2955 1051 3020 variantium
1075 2956 1205 3036 plenam
1231 2978 1247 3020 c
1270 2958 1350 3021 codi-

231 3044 319 3109 cibus
348 3051 471 3108 tantum
493 3045 526 3108 A
541 3052 582 3109 la
605 3051 634 3108 et
655 3045 689 3108 B
703 3052 743 3109 la
770 3044 923 3109 adnotari
951 3051 1044 3124 atque
1066 3043 1261 3125 reliquorum
1282 3046 1350 3124 far-

231 3133 377 3214 raqinem
400 3133 481 3198 sicut
499 3133 537 3197 in
560 3133 641 3197 libro
665 3134 696 3197 I.
719 3133 767 3197 ita
796 3132 834 3197 in
858 3134 914 3197 hoc
937 3131 1090 3197 adhibitis
1119 3134 1350 3214 exemplaribus

231 3221 389 3286 similibus
413 3243 557 3304 purpure
587 3221 678 3286 nisus
708 3244 786 3286 snm.
833 3222 946 3302 Itaque
971 3227 1100 3302 praeter
1123 3221 1242 3286 codices
1264 3223 1350 3287 Alb

187 3331 214 3370 co
231 3316 261 3374 et
288 3311 372 3375 Alo
404 3332 481 3376 usus
513 3333 584 3375 sum
613 3311 711 3374 Alb*
742 3317 772 3374 et
799 3311 895 3375 Alc*
928 3307 996 3390 (II,
1017 3309 1124 3391 1-6)
1159 3311 1204 3374 ad
1235 3314 1350 3375 menda

232 3399 368 3464 tollendo
391 3422 437 3481 ea,
463 3399 602 3481 quaein
625 3398 677 3463 his
699 3419 764 3463 non
787 3401 937 3480 redeunt·
961 3399 1186 3464 consentientes
1203 3421 1275 3464 nero
1294 3401 1350 3465 hos

231 3488 323 3552 iuato
345 3488 416 3553 illos
434 3488 471 3553 in
490 3493 653 3572 apparatu
671 3487 780 3552 critico
796 3487 983 3552 nominatim
998 3487 1129 3553 minime
1145 3487 1249 3566 citari,
1273 3511 1350 3571 quos

230 3577 400 3642 subaudiri
422 3577 500 3658 licet,
525 3576 592 3642 nisi
610 3576 808 3641 contrarium
826 3579 1010 3642 adnotatum
1026 3585 1079 3642 est.
1118 3577 1350 3657 Deficientibus

231 3665 389 3731 codicibus
411 3667 506 3731 Alb.
523 3668 553 3728 b'
578 3668 623 3730 ad
644 3665 750 3747 capita
777 3674 866 3730 1-6
898 3665 975 3731 libri
1004 3666 1136 3732 alterius
1158 3670 1350 3733 recensenda

187 3772 213 3812 co
231 3756 263 3817 A
278 3756 330 3819 lb1
357 3755 404 3820 ita
434 3754 575 3835 adhibui,
610 3761 645 3820 ut
677 3755 745 3835 tere
780 3755 888 3820 omnia
921 3755 1152 3839 exscripserim,
1189 3763 1280 3838 atque
1313 3757 1350 3822 in

231 3843 408 3909 Miraculis
436 3843 705 3909 Enoriacensibus
738 3844 938 3910 recensendis
973 3845 1107 3910 codicem
1136 3845 1168 3910 A
1189 3848 1240 3910 1o³
1274 3868 1350 3910 non-

231 3953 403 4013 numquam
422 3933 574 4014 consului,
599 3932 628 3997 si
646 3933 804 3998 codicibus
823 3935 856 3998 A
871 3935 908 3998 lb
925 3940 954 3998 et
967 3934 1000 3998 A
1015 3934 1067 3998 rb*
1084 3934 1168 3998 inter
1183 3957 1215 4000 se
1232 3936 1349 4000 dissen-

231 4019 380 4085 tientibus
402 4027 460 4085 aut
481 4021 557 4086 aliis
575 4021 820 4102 difficultatibus
843 4022 953 4087 tertius
975 4023 1096 4087 arbiter
1118 4024 1348 4104 requirebatur.

230 4109 286 4173 Ad
307 4110 453 4174 lectiones
475 4112 507 4173 A
523 4117 558 4175 lc
580 4111 795 4192 percolendas
818 4118 949 4192 praeter
971 4111 1104 4177 codicem
1134 4112 1349 4194 imperfectum

185 4216 212 4255 ιο
230 4197 263 4262 A
275 4197 323 4263 lc*
339 4197 409 4278 (11,
426 4200 532 4280 1-6)
548 4199 680 4263 adhibui
695 4206 725 4263 et
739 4201 771 4263 A
783 4203 823 4264 ld
838 4198 908 4281 (H,
923 4202 1053 4283 7—22)
1070 4207 1099 4264 et
1113 4201 1145 4264 A
1157 4210 1199 4281 le,
1217 4221 1349 4282 quorum

229 4289 346 4351 mendo
369 4286 552 4368 peculiaria
580 4286 617 4351 in
645 4287 829 4352 uniuersum
851 4310 916 4353 uon
939 4289 1069 4367 curari·
1099 4289 1214 4354 codicis
1236 4289 1268 4354 A
1284 4289 1347 4354 ld*

231 4371 298 4456 (II,
315 4383 377 4438 1-
387 4374 420 4458 6)
438 4375 604 4457 propioris
620 4375 696 4440 libri
710 4377 743 4440 A
754 4384 790 4442 lc
807 4377 983 4457 propinqui
998 4377 1154 4441 rationem
1169 4399 1233 4442 non
1250 4378 1349 4443 habiri

230 4463 297 4528 uisi
319 4484 407 4528 raro.
442 4464 554 4527 Etiam
576 4463 716 4529 codicum
739 4464 804 4528 A2
824 4471 853 4529 et
870 4466 902 4528 A
916 4474 958 4528 2a
980 4464 1227 4546 discrepantium
1250 4467 1349 4533 lectio·

230 4573 307 4616 num
336 4551 533 4616 variantium
561 4575 626 4618 non
656 4552 774 4617 admisi
801 4553 868 4618 nisi
897 4575 1096 4635 communem,
1128 4561 1162 4620 at
1187 4557 1350 4638 deficiente
