3222 5030
301 440 340 494 14
517 433 644 504 IONAS,
656 434 777 492 VITAE
795 434 1024 490 COLUMBANI
1041 435 1150 491 LIBRI
1168 435 1208 494 H.

302 618 371 685 iam
393 617 595 698 refectorium
617 617 780 700 impressus
802 623 880 698 erat,
904 638 975 682 cum
990 617 1185 684 terribilibus
1202 618 1307 684 sancti
1330 619 1424 684 dictis

303 709 349 773 ad
369 708 563 772 redeundum
586 712 754 772 commotus
776 712 829 770 est.
876 705 1059 772 Periculum
1087 706 1259 772 imminens
1280 713 1315 772 ut
1336 728 1423 773 acer·

304 803 381 862 teret
409 796 530 878 sibique
560 795 740 874 consuleret,
771 815 923 876 amparem
952 795 1112 875 nefastum
1141 818 1180 860 ea
1208 817 1273 879 qua
1295 803 1424 862 uenerat

302 886 359 951 oia
381 905 522 950 remeare
543 883 714 964 maluisset,
738 882 806 948 nisi
827 882 881 948 ille
905 884 1117 965 pertinaciter
1138 885 1311 966 restitisset,
1335 907 1423 950 num-

302 995 399 1056 quam
421 994 482 1038 sua
504 979 612 1055 sponte
640 971 832 1036 monasterio
862 993 895 1037 se
924 994 1123 1055 epressurum
1156 995 1222 1039 esse
1255 975 1455 1056 spondenss

304 1063 441 1128 Maturo
463 1060 562 1143 ipitur
584 1059 716 1126 consilio
734 1060 891 1126 sententia
906 1061 1042 1127 dicendo
1056 1069 1134 1144 erat,
1159 1084 1199 1128 ne
1213 1062 1251 1128 in
1266 1069 1423 1129 auctorem

303 1151 363 1216 illa
385 1149 544 1230 recideret,
575 1149 754 1238 etinterim
783 1149 820 1213 33
849 1149 998 1232 oppidum
1021 1151 1264 1217 Vesontionense
1287 1154 1331 1217 od
1352 1172 1423 1216 eau-

302 1239 436 1304 landum
451 1244 595 1304 sanctum
602 1237 741 1322 perduci
754 1237 858 1302 uisum
873 1245 926 1303 est.
967 1238 1185 1305 Comitabatnr
1199 1247 1303 1305 333333
1317 1240 1423 1324 ipsum

303 1326 450 1392 minister
482 1327 574 1392 cuius
606 1347 706 1408 supra
737 1326 868 1392 memini
897 1327 1074 1392 Domoalis.
1133 1329 1211 1394 Oum
1244 1329 1343 1394 nullis
1376 1328 1423 1394 ibi

302 1415 454 1482 3333333333
490 1415 743 1481 circumdaretur
778 1415 1011 1498 molestiamque
1047 1417 1171 1482 nullom
1208 1440 1230 1482 a
1267 1439 1422 1500 quoquam
1440 1445 1469 1486 1o

296 1511 473 1590 pateretur,
502 1526 631 1586 cumque
653 1526 726 1569 mon
728 1511 786 1570 tem
810 1506 991 1585 ascendens,
1021 1505 1108 1570 uiam
1131 1507 1176 1570 ad
1196 1505 1423 1570 monasterium

303 1593 458 1659 redeundi
480 1616 502 1659 a
524 1594 612 1658 nullo
634 1592 784 1675 impediri
801 1593 928 1674 uideret,
952 1595 1029 1658 urbe
1044 1593 1155 1659 relicta
1171 1596 1296 1658 domum
1318 1593 1421 1658 rediit.

309 1684 399 1765 Quod
420 1704 490 1748 cum
517 1682 734 1748 Tbeudericns
756 1689 848 1764 atque
869 1681 1101 1748 Brunecbildis
1123 1681 1355 1763 audissent,m
1323 1681 1423 1747 ruisse

303 1771 440 1836 militum
463 1771 585 1836 coborte
616 1793 686 1836 eum
708 1771 744 1836 in
767 1771 898 1836 edilium
926 1770 1070 1836 revocari
1098 1770 1267 1852 iusserunt,
1298 1770 1423 1852 illisque

303 1860 424 1940 infecta
453 1881 488 1925 re
517 1859 728 1941 redeuntibus,
764 1859 846 1925 alios
874 1859 1038 1940 miserunt,
1074 1859 1130 1941 qui
1159 1881 1229 1924 eum
1258 1881 1297 1924 33
1324 1881 1422 1942 repno
1441 1887 1468 1926 15

300 1951 429 2034 pulsum
451 1949 487 2014 in
504 1948 653 2034 patriam
676 1947 859 2030 diriperent.
903 1947 1089 2014 Custodibus
1104 1947 1333 2014 instantissime
1348 1969 1422 2032 pre·

276 2117 277 2122 ¹
304 2039 457 2120 cantibus,
491 2045 528 2103 ut
557 2037 633 2103 inde
661 2039 824 2119 recederet,
858 2037 925 2119 ipse
958 2037 1128 2102 immobilis
1153 2037 1355 2121 persistebat,
1390 2059 1422 2102 se

304 2149 476 2210 numquam
505 2127 715 2192 discessurum
745 2132 883 2207 testatus,
913 2125 980 2191 nisi
1009 2126 1042 2190 oi
1071 2127 1315 2192 abstraheretur.
1362 2126 1422 2191 Illi

301 2216 427 2298 pomino
448 2215 561 2281 collati
575 2215 733 2300 periculo,
757 2236 827 2281 cum
850 2215 931 2280 dicto
954 2237 1019 2280 nou
1035 2222 1190 2299 parentes
1207 2215 1318 2279 mortis
1337 2214 1422 2298 peri-

304 2305 407 2369 culum
422 2303 625 2370 incurrerent
637 2310 806 2386 sanctoque
820 2304 884 2368 oim
899 2303 1024 2383 inferre
1039 2310 1230 2385 uererentur,
1255 2306 1299 2368 ad
1320 2303 1422 2386 nesius
1440 2333 1467 2372 so

301 2414 408 2474 penna
429 2392 601 2478 provoluti,
632 2392 757 2458 veniam
782 2394 939 2474 petebant,
969 2392 1083 2474 quibus
1111 2392 1196 2474 repis
1218 2392 1351 2474 imperio
1374 2395 1421 2458 ob·

303 2482 542 2565 temperandum
564 2487 650 2546 esset.
693 2482 782 2546 Tunc
800 2483 923 2547 33333333
940 2488 1078 2563 sanctus,
1101 2503 1141 2546 33
1158 2481 1319 2546 ministris
1337 2481 1422 2564 peri·

304 2571 407 2635 culum
421 2570 549 2652 faceret,
568 2569 764 2636 seueritatem
779 2592 872 2636 suam
886 2569 1017 2652 remisit,
1037 2569 1215 2652 cunctisque
1229 2569 1422 2635 eiulantibus

302 2666 396 2740 atque
417 2659 639 2740 maerentibus,
664 2681 680 2724 3
701 2659 893 2725 monasterio
916 2659 1016 2725 cessit.
1055 2660 1110 2723 En
1132 2659 1292 2738 fratribus
1313 2659 1342 2723 ii
1362 2658 1422 2723 soli

302 2769 373 2812 eum
406 2747 495 2829 sequi
524 2747 678 2831 permissi
708 2755 790 2829 sunt,
826 2748 882 2830 qui
912 2748 951 2812 33
983 2747 1174 2814 Britanniis
1207 2747 1278 2812 nati
1311 2753 1423 2829 erant,·
1440 2770 1468 2810 33

302 2836 441 2918 reliquos
469 2837 507 2901 in
535 2836 654 2902 Galliis
683 2843 767 2902 ortos
795 2857 853 2901 reu
875 2858 1039 2902 remanere
1061 2837 1230 2902 iusserat·
1255 2837 1293 2901 Is
1321 2835 1423 2918 ipitur

302 2925 373 2990 iure
395 2947 452 2990 suo
474 2927 628 3007 nubatur,
651 2931 687 2990 ut
709 2925 765 3006 qui
781 2947 896 3009 pacem
913 2925 1077 3009 publicam
1100 2927 1281 2991 turbassent
1302 2925 1422 3006 sibique

302 3014 460 3079 molestias
487 3013 719 3080 contraxissent
742 3013 930 3097 pereprinos
959 3037 976 3079 3
1003 3015 1124 3094 finibus
1153 3014 1221 3079 suis
1243 3020 1421 3079 removeret.

302 3103 401 3168 Anno
429 3102 584 3184 uicesimo,
610 3109 780 3186 postquam
808 3103 846 3167 in
868 3103 989 3168 deserto
1011 3103 1128 3186 Vosapi
1150 3104 1251 3168 saltus
1274 3101 1421 3188 consedit,

302 3192 326 3256 i.
350 3214 375 3258 e.
399 3215 430 3258 a.
449 3198 523 3256 610.
551 3213 590 3276 p.
619 3191 704 3274 our,
740 3191 954 3258 Columbanus
987 3193 1166 3258 custodibus
1199 3191 1298 3274 repiis
1331 3191 1422 3257 comi-
1441 3213 1468 3254 so

302 3281 445 3347 tontibus
467 3283 512 3346 ad
534 3281 778 3346 Namnetensem
808 3282 957 3348 deductus
990 3288 1035 3346 est
1062 3287 1200 3363 portum,
1235 3302 1296 3362 quo
1325 3301 1423 3345 noces

302 3369 499 3436 Hibernieae
522 3369 643 3454 appelli
671 3370 821 3436 solebant.
868 3370 938 3436 Iter
959 3369 1070 3455 primo
1093 3376 1239 3434 terrestre
1261 3369 1424 3449 faciebant

296 3479 359 3541 per
377 3458 605 3541 Vesontionem,
624 3459 820 3541 Aoollonem,
839 3459 1098 3524 Autissiodorum
1118 3460 1221 3535 urbes,
1244 3457 1357 3522 deinde
1380 3457 1425 3521 od

300 3548 437 3614 alteram
459 3547 546 3612 uiam
569 3547 763 3613 declinantes
781 3549 870 3632 apud
887 3547 1118 3612 Nioernensem
1140 3548 1248 3610 urbem
1270 3545 1423 3628 scapbom

302 3638 549 3702 conscenderunt
537 3635 774 3719 tLiperimque
796 3637 953 3719 naoipant
953 3657 985 3701 es
941 3634 1254 3700 tAurelianoset
1279 3634 1424 3698 Turonos
1442 3659 1468 3700 ss

303 3726 483 3807 attiporunt,
508 3747 552 3790 au
554 3731 677 3807 tequam
692 3731 780 3807 quot
768 3727 936 3790 ttendeban
924 3730 1083 3808 porum
1092 3728 1255 3823 Uctcperun
1235 3722 1423 3787 Ntaoale

302 3813 453 3894 efterort
453 3835 523 3878 osse
545 3814 797 3914 praeferendum
819 3820 896 3894 erat,
923 3833 1000 3912 qno
1011 3811 1115 3911 mapis
1136 3817 1265 3877 sanctus
1288 3833 1309 3876 a
1332 3812 1423 3893 culpo

303 3909 470 3987 88])(3333363
470 3924 529 3984 tlrj
561 3902 772 3984 933333383373333
801 3901 886 3967 ellim
914 3900 1058 3966 iniurius
1086 3899 1124 3964 ln
1146 3921 1250 3982 3698373
1272 3921 1423 3984 8133339338
1546 3970 1548 3974 ,

302 3992 467 4057 solebat1
455 3991 528 4056 trist
527 4012 602 4072 eque
617 3990 833 4090 praesapium
845 3991 883 4054 de
898 4011 932 4054 33
949 3989 1169 4074 peroulpabat,
1149 3988 1312 4054 tscilicet
1300 3990 1423 4054 tintra

303 4080 479 4146 triennium
510 4077 602 4161 (613.
629 4101 663 4162 p.
694 4078 833 4161 Olor.)
820 4078 924 4162 ipsius
958 4100 1089 4161 repnnm
1119 4078 1302 4162 periturum
1331 4101 1352 4144 o
1354 4085 1423 4160 tque
1441 4105 1469 4144 40

310 4168 535 4235 Oblotbarium
569 4167 806 4233 dominaturum
840 4189 905 4232 3333
915 4170 937 4254 2.,
983 4168 1096 4250 Itapue
1128 4168 1305 4234 custodibus
1339 4173 1423 4232 ante-

305 4315 332 4388 1)
360 4316 418 4380 Qua
443 4318 474 4368 de
499 4333 584 4369 causa
607 4317 681 4368 redtr
680 4322 712 4382 et,
737 4317 928 4383 interropatus,
954 4317 1121 4383 respondisse
1142 4319 1247 4381 fertur:
1273 4316 1366 4368 ‘Oanis
1384 4331 1424 4367 me

309 4389 490 4441 [l'beuderr'cns
501 4392 566 4441 meis
579 4405 597 4440 α
609 4356 745 4454 fratribus
758 4388 907 4455 abepit'501‘.
922 4389 953 4444 V.
965 4388 1080 4444 Columb.
1093 4388 1170 4454 Lm.
1217 4390 1244 4456 2)
1265 4387 1295 4442 V.
1308 4387 1423 4440 Golumb

305 4460 447 4525 1,20..22
537 4469 539 4472 ’
