<?xml version="1.0" encoding="UTF-8"?>
<!DOCTYPE html PUBLIC "-//W3C//DTD XHTML 1.0 Transitional//EN"
    "http://www.w3.org/TR/xhtml1/DTD/xhtml1-transitional.dtd">
<html xmlns="http://www.w3.org/1999/xhtml" xml:lang="en" lang="en">
 <head>
  <title>
</title>
<meta http-equiv="Content-Type" content="text/html;charset=utf-8" />
  <meta name='ocr-system' content='tesseract 3.04.00' />
  <meta name='ocr-capabilities' content='ocr_page ocr_carea ocr_par ocr_line ocrx_word'/>
</head>
<body>
  <div class='ocr_page' id='page_1' title='image "./ionaevitaesanct00krusgoog_0049.png"; bbox 0 0 3222 5030; ppageno 0'>
   <div class='ocr_carea' id='block_1_1' title="bbox 267 439 1311 550">
    <p class='ocr_par' dir='ltr' id='par_1_1' title="bbox 267 439 1311 550">
     <span class='ocr_line' id='line_1_1' title="bbox 267 439 1311 550; baseline 0.005 -30"><span class='ocrx_word' id='word_1_1' title='bbox 267 439 271 446; x_wconf 86' lang='grc'><strong>’</strong></span> <span class='ocrx_word' id='word_1_2' title='bbox 403 465 530 534; x_wconf 67' lang='lat' dir='ltr'><em>some,</em></span> <span class='ocrx_word' id='word_1_3' title='bbox 543 465 665 521; x_wconf 74' lang='lat' dir='ltr'><em>vlsss</em></span> <span class='ocrx_word' id='word_1_4' title='bbox 684 457 912 520; x_wconf 64' lang='lat' dir='ltr'><em>coconem</em></span> <span class='ocrx_word' id='word_1_5' title='bbox 930 465 1039 550; x_wconf 62' lang='lat' dir='ltr'><em>mess</em></span> <span class='ocrx_word' id='word_1_6' title='bbox 1057 465 1097 524; x_wconf 90' lang='lat'><em>11.</em></span> <span class='ocrx_word' id='word_1_7' title='bbox 1275 473 1311 525; x_wconf 80' lang='lat' dir='ltr'><em>ss</em></span> 
     </span>
    </p>
   </div>
   <div class='ocr_carea' id='block_1_2' title="bbox 189 647 1310 906">
    <p class='ocr_par' dir='ltr' id='par_1_2' title="bbox 189 647 1310 906">
     <span class='ocr_line' id='line_1_2' title="bbox 190 647 1310 729; baseline 0 -15"><span class='ocrx_word' id='word_1_8' title='bbox 190 651 344 729; x_wconf 79' lang='lat' dir='ltr'><em>tulerunt,</em></span> <span class='ocrx_word' id='word_1_9' title='bbox 382 653 418 712; x_wconf 85' lang='lat' dir='ltr'><em>ut</em></span> <span class='ocrx_word' id='word_1_10' title='bbox 456 649 710 712; x_wconf 80' lang='lat' dir='ltr'><em>demoustrareut</em></span> <span class='ocrx_word' id='word_1_11' title='bbox 746 647 865 712; x_wconf 78' lang='lat' dir='ltr'><em>Scottos</em></span> <span class='ocrx_word' id='word_1_12' title='bbox 901 647 1107 713; x_wconf 86' lang='lat' dir='ltr'><em>Brettouibus</em></span> <span class='ocrx_word' id='word_1_13' title='bbox 1142 669 1209 713; x_wconf 91' lang='lat' dir='ltr'><em>uou</em></span> <span class='ocrx_word' id='word_1_14' title='bbox 1245 671 1310 714; x_wconf 89' lang='lat' dir='ltr'><em>esse</em></span> 
     </span>
     <span class='ocr_line' id='line_1_3' title="bbox 189 734 1310 818; baseline 0 -16"><span class='ocrx_word' id='word_1_15' title='bbox 189 737 343 817; x_wconf 88' lang='lat' dir='ltr'><em>meliores,</em></span> <span class='ocrx_word' id='word_1_16' title='bbox 368 735 483 818; x_wconf 79' lang='lat' dir='ltr'><em>quippe</em></span> <span class='ocrx_word' id='word_1_17' title='bbox 504 735 561 818; x_wconf 93' lang='lat' dir='ltr'><em>qui</em></span> <span class='ocrx_word' id='word_1_18' title='bbox 582 734 709 817; x_wconf 85' lang='lat' dir='ltr'><em>utrique</em></span> <span class='ocrx_word' id='word_1_19' title='bbox 731 735 824 800; x_wconf 81' lang='lat' dir='ltr'><em>iuuta</em></span> <span class='ocrx_word' id='word_1_20' title='bbox 852 755 970 801; x_wconf 90' lang='lat' dir='ltr'><em>morem</em></span> <span class='ocrx_word' id='word_1_21' title='bbox 997 735 1192 802; x_wconf 80' lang='lat' dir='ltr'><em>universalis</em></span> <span class='ocrx_word' id='word_1_22' title='bbox 1221 739 1310 802; x_wconf 91' lang='lat' dir='ltr'><em>eccle·</em></span> 
     </span>
     <span class='ocr_line' id='line_1_4' title="bbox 189 825 619 906; baseline -0.009 -15"><span class='ocrx_word' id='word_1_23' title='bbox 189 827 257 891; x_wconf 89' lang='lat' dir='ltr'><em>siae</em></span> <span class='ocrx_word' id='word_1_24' title='bbox 280 845 345 889; x_wconf 88' lang='lat' dir='ltr'><em>uou</em></span> <span class='ocrx_word' id='word_1_25' title='bbox 366 825 619 906; x_wconf 84' lang='lat' dir='ltr'><em>iuqredereutur.</em></span> 
     </span>
    </p>
   </div>
   <div class='ocr_carea' id='block_1_3' title="bbox 17 928 1402 4024">
    <p class='ocr_par' dir='ltr' id='par_1_3' title="bbox 17 928 1402 4024">
     <span class='ocr_line' id='line_1_5' title="bbox 297 928 1310 1013; baseline 0.002 -18"><span class='ocrx_word' id='word_1_26' title='bbox 297 931 384 995; x_wconf 79' lang='lat' dir='ltr'><em>Ilrat</em></span> <span class='ocrx_word' id='word_1_27' title='bbox 428 936 531 994; x_wconf 91' lang='lat' dir='ltr'><em>autem</em></span> <span class='ocrx_word' id='word_1_28' title='bbox 575 928 787 995; x_wconf 84' lang='lat' dir='ltr'><em>Oolumbauus</em></span> <span class='ocrx_word' id='word_1_29' title='bbox 831 931 921 994; x_wconf 81' lang='lat' dir='ltr'><em>borno</em></span> <span class='ocrx_word' id='word_1_30' title='bbox 960 931 1122 996; x_wconf 84' lang='lat' dir='ltr'><em>oebemeus</em></span> <span class='ocrx_word' id='word_1_31' title='bbox 1158 931 1310 1013; x_wconf 75' lang='lat' dir='ltr'><em>fereeque</em></span> 
     </span>
     <span class='ocr_line' id='line_1_6' title="bbox 158 1018 1309 1102; baseline -0.001 -16"><span class='ocrx_word' id='word_1_32' title='bbox 158 1027 310 1086; x_wconf 67' lang='lat' dir='ltr'><em>auctura</em></span> <span class='ocrx_word' id='word_1_33' title='bbox 343 1039 442 1100; x_wconf 85' lang='lat' dir='ltr'><em>neque</em></span> <span class='ocrx_word' id='word_1_34' title='bbox 475 1038 571 1100; x_wconf 89' lang='lat' dir='ltr'><em>quam</em></span> <span class='ocrx_word' id='word_1_35' title='bbox 593 1018 721 1099; x_wconf 86' lang='lat' dir='ltr'><em>passim</em></span> <span class='ocrx_word' id='word_1_36' title='bbox 743 1018 956 1100; x_wconf 84' lang='lat' dir='ltr'><em>praedicabat</em></span> <span class='ocrx_word' id='word_1_37' title='bbox 980 1018 1154 1084; x_wconf 76' lang='lat' dir='ltr'><em>humilitati</em></span> <span class='ocrx_word' id='word_1_38' title='bbox 1184 1019 1309 1102; x_wconf 87' lang='lat' dir='ltr'><em>louqius</em></span> 
     </span>
     <span class='ocr_line' id='line_1_7' title="bbox 189 1105 1310 1188; baseline 0 -16"><span class='ocrx_word' id='word_1_39' title='bbox 189 1107 369 1187; x_wconf 84' lang='lat' dir='ltr'><em>insistebat,</em></span> <span class='ocrx_word' id='word_1_40' title='bbox 404 1107 434 1171; x_wconf 92' lang='lat' dir='ltr'><em>si</em></span> <span class='ocrx_word' id='word_1_41' title='bbox 463 1106 536 1188; x_wconf 89' lang='lat' dir='ltr'><em>quis</em></span> <span class='ocrx_word' id='word_1_42' title='bbox 564 1106 666 1188; x_wconf 87' lang='lat' dir='ltr'><em>ipsius</em></span> <span class='ocrx_word' id='word_1_43' title='bbox 692 1105 839 1188; x_wconf 85' lang='lat' dir='ltr'><em>opimioui</em></span> <span class='ocrx_word' id='word_1_44' title='bbox 866 1127 932 1170; x_wconf 91' lang='lat' dir='ltr'><em>uou</em></span> <span class='ocrx_word' id='word_1_45' title='bbox 961 1107 1180 1188; x_wconf 71' lang='lat' dir='ltr'><em>acquievisset,</em></span> <span class='ocrx_word' id='word_1_46' title='bbox 1214 1107 1310 1172; x_wconf 91' lang='lat' dir='ltr'><em>immo</em></span> 
     </span>
     <span class='ocr_line' id='line_1_8' title="bbox 189 1194 1310 1277; baseline 0.001 -17"><span class='ocrx_word' id='word_1_47' title='bbox 189 1197 321 1260; x_wconf 72' lang='lat' dir='ltr'><em>mammis</em></span> <span class='ocrx_word' id='word_1_48' title='bbox 336 1195 546 1277; x_wconf 65' lang='lat' dir='ltr'><em>potestatibus</em></span> <span class='ocrx_word' id='word_1_49' title='bbox 567 1195 615 1260; x_wconf 89' lang='lat' dir='ltr'><em>oel</em></span> <span class='ocrx_word' id='word_1_50' title='bbox 630 1215 747 1276; x_wconf 88' lang='lat' dir='ltr'><em>papae,</em></span> <span class='ocrx_word' id='word_1_51' title='bbox 771 1195 830 1259; x_wconf 89' lang='lat' dir='ltr'><em>etsi</em></span> <span class='ocrx_word' id='word_1_52' title='bbox 851 1194 921 1260; x_wconf 88' lang='lat' dir='ltr'><em>eius</em></span> <span class='ocrx_word' id='word_1_53' title='bbox 942 1216 1121 1276; x_wconf 87' lang='lat' dir='ltr'><em>supremum</em></span> <span class='ocrx_word' id='word_1_54' title='bbox 1143 1195 1182 1260; x_wconf 92' lang='lat' dir='ltr'><em>iu</em></span> <span class='ocrx_word' id='word_1_55' title='bbox 1204 1196 1310 1261; x_wconf 69' lang='lat' dir='ltr'><em>cauus</em></span> 
     </span>
     <span class='ocr_line' id='line_1_9' title="bbox 189 1282 1345 1365; baseline -0.002 -15"><span class='ocrx_word' id='word_1_56' title='bbox 189 1283 410 1350; x_wconf 88' lang='lat' dir='ltr'><em>ecclesiasticis</em></span> <span class='ocrx_word' id='word_1_57' title='bbox 438 1283 593 1348; x_wconf 88' lang='lat' dir='ltr'><em>iudicium</em></span> <span class='ocrx_word' id='word_1_58' title='bbox 621 1283 689 1364; x_wconf 88' lang='lat' dir='ltr'><em>ipse</em></span> <span class='ocrx_word' id='word_1_59' title='bbox 718 1283 855 1365; x_wconf 88' lang='lat' dir='ltr'><em>aquouit,</em></span> <span class='ocrx_word' id='word_1_60' title='bbox 885 1282 1124 1365; x_wconf 79' lang='lat' dir='ltr'><em>imperterritus</em></span> <span class='ocrx_word' id='word_1_61' title='bbox 1144 1283 1311 1350; x_wconf 83' lang='lat' dir='ltr'><em>obsistebat</em></span> <span class='ocrx_word' id='word_1_62' title='bbox 1342 1287 1345 1294; x_wconf 87' lang='lat'>&#39;</span> 
     </span>
     <span class='ocr_line' id='line_1_10' title="bbox 189 1371 1310 1456; baseline 0 -18"><span class='ocrx_word' id='word_1_63' title='bbox 189 1373 352 1456; x_wconf 85' lang='lat' dir='ltr'><em>uerbisque</em></span> <span class='ocrx_word' id='word_1_64' title='bbox 374 1393 439 1438; x_wconf 91' lang='lat' dir='ltr'><em>uou</em></span> <span class='ocrx_word' id='word_1_65' title='bbox 459 1372 611 1453; x_wconf 89' lang='lat' dir='ltr'><em>parcebat</em></span> <span class='ocrx_word' id='word_1_66' title='bbox 631 1371 772 1452; x_wconf 91' lang='lat' dir='ltr'><em>iustoque</em></span> <span class='ocrx_word' id='word_1_67' title='bbox 794 1372 865 1436; x_wconf 90' lang='lat' dir='ltr'><em>iure</em></span> <span class='ocrx_word' id='word_1_68' title='bbox 888 1372 1069 1438; x_wconf 88' lang='lat' dir='ltr'><em>aduersarii</em></span> <span class='ocrx_word' id='word_1_69' title='bbox 1090 1374 1258 1454; x_wconf 87' lang='lat' dir='ltr'><em>superbam</em></span> <span class='ocrx_word' id='word_1_70' title='bbox 1272 1372 1310 1438; x_wconf 90' lang='lat' dir='ltr'><em>iu</em></span> 
     </span>
     <span class='ocr_line' id='line_1_11' title="bbox 145 1460 1311 1544; baseline 0 -17"><span class='ocrx_word' id='word_1_71' title='bbox 145 1487 172 1528; x_wconf 74' lang='lat' dir='ltr'><em>ro</em></span> <span class='ocrx_word' id='word_1_72' title='bbox 189 1461 259 1544; x_wconf 89' lang='lat' dir='ltr'><em>ipso</em></span> <span class='ocrx_word' id='word_1_73' title='bbox 281 1461 440 1526; x_wconf 87' lang='lat' dir='ltr'><em>scribeudi</em></span> <span class='ocrx_word' id='word_1_74' title='bbox 455 1460 768 1542; x_wconf 86' lang='lat' dir='ltr'><em>praesumptiouem1</em></span> <span class='ocrx_word' id='word_1_75' title='bbox 790 1460 998 1540; x_wconf 77' lang='lat' dir='ltr'><em>offendebam.</em></span> <span class='ocrx_word' id='word_1_76' title='bbox 1038 1462 1189 1527; x_wconf 77' lang='lat' dir='ltr'><em>Sermone</em></span> <span class='ocrx_word' id='word_1_77' title='bbox 1206 1468 1311 1527; x_wconf 89' lang='lat' dir='ltr'><em>autem</em></span> 
     </span>
     <span class='ocr_line' id='line_1_12' title="bbox 189 1548 1307 1633; baseline 0.001 -18"><span class='ocrx_word' id='word_1_78' title='bbox 189 1549 334 1615; x_wconf 88' lang='lat' dir='ltr'><em>Hertelio</em></span> <span class='ocrx_word' id='word_1_79' title='bbox 356 1555 499 1614; x_wconf 91' lang='lat' dir='ltr'><em>moueute</em></span> <span class='ocrx_word' id='word_1_80' title='bbox 521 1550 667 1614; x_wconf 90' lang='lat' dir='ltr'><em>utebatur</em></span> <span class='ocrx_word' id='word_1_81' title='bbox 688 1548 818 1631; x_wconf 80' lang='lat' dir='ltr'><em>triplici,</em></span> <span class='ocrx_word' id='word_1_82' title='bbox 841 1548 961 1614; x_wconf 89' lang='lat' dir='ltr'><em>scilicet</em></span> <span class='ocrx_word' id='word_1_83' title='bbox 981 1549 1087 1615; x_wconf 78' lang='lat' dir='ltr'><em>uirida</em></span> <span class='ocrx_word' id='word_1_84' title='bbox 1101 1549 1140 1615; x_wconf 88' lang='lat' dir='ltr'><em>iu</em></span> <span class='ocrx_word' id='word_1_85' title='bbox 1155 1550 1307 1633; x_wconf 83' lang='lat' dir='ltr'><em>epistulis,</em></span> 
     </span>
     <span class='ocr_line' id='line_1_13' title="bbox 183 1637 1402 1721; baseline 0.002 -19"><span class='ocrx_word' id='word_1_86' title='bbox 183 1639 242 1720; x_wconf 86' lang='lat' dir='ltr'><em>pio</em></span> <span class='ocrx_word' id='word_1_87' title='bbox 264 1638 301 1702; x_wconf 91' lang='lat' dir='ltr'><em>iu</em></span> <span class='ocrx_word' id='word_1_88' title='bbox 317 1637 544 1720; x_wconf 76' lang='lat' dir='ltr'><em>paraeueticrs,</em></span> <span class='ocrx_word' id='word_1_89' title='bbox 567 1637 649 1702; x_wconf 83' lang='lat' dir='ltr'><em>sicco</em></span> <span class='ocrx_word' id='word_1_90' title='bbox 671 1637 709 1702; x_wconf 93' lang='lat' dir='ltr'><em>iu</em></span> <span class='ocrx_word' id='word_1_91' title='bbox 726 1637 903 1703; x_wconf 84' lang='lat' dir='ltr'><em>scribeudis</em></span> <span class='ocrx_word' id='word_1_92' title='bbox 922 1637 1068 1720; x_wconf 80' lang='lat' dir='ltr'><em>*leqibus</em></span> <span class='ocrx_word' id='word_1_93' title='bbox 1104 1639 1150 1703; x_wconf 93' lang='lat' dir='ltr'><em>Iu</em></span> <span class='ocrx_word' id='word_1_94' title='bbox 1167 1639 1309 1721; x_wconf 73' lang='lat' dir='ltr'><em>epistulis</em></span> <span class='ocrx_word' id='word_1_95' title='bbox 1328 1655 1402 1706; x_wconf 74' lang='lat' dir='ltr'><em>‘rr-²¹.</em></span> 
     </span>
     <span class='ocr_line' id='line_1_14' title="bbox 189 1725 1309 1810; baseline 0.003 -20"><span class='ocrx_word' id='word_1_96' title='bbox 189 1726 378 1808; x_wconf 76' lang='lat' dir='ltr'><em>exquisitius</em></span> <span class='ocrx_word' id='word_1_97' title='bbox 400 1725 528 1792; x_wconf 79' lang='lat' dir='ltr'><em>dicurdi</em></span> <span class='ocrx_word' id='word_1_98' title='bbox 548 1747 649 1808; x_wconf 81' lang='lat' dir='ltr'><em>qeuus</em></span> <span class='ocrx_word' id='word_1_99' title='bbox 671 1726 796 1807; x_wconf 90' lang='lat' dir='ltr'><em>colebat,</em></span> <span class='ocrx_word' id='word_1_100' title='bbox 820 1725 958 1808; x_wconf 87' lang='lat' dir='ltr'><em>arqutiis</em></span> <span class='ocrx_word' id='word_1_101' title='bbox 979 1727 1198 1809; x_wconf 78' lang='lat' dir='ltr'><em>vocabulisque</em></span> <span class='ocrx_word' id='word_1_102' title='bbox 1221 1748 1309 1810; x_wconf 81' lang='lat' dir='ltr'><em>perc</em></span> 
     </span>
     <span class='ocr_line' id='line_1_15' title="bbox 187 1814 1309 1898; baseline 0.004 -19"><span class='ocrx_word' id='word_1_103' title='bbox 187 1814 295 1898; x_wconf 88' lang='lat' dir='ltr'><em>qriuis</em></span> <span class='ocrx_word' id='word_1_104' title='bbox 316 1815 478 1896; x_wconf 77' lang='lat' dir='ltr'><em>adhibitis,</em></span> <span class='ocrx_word' id='word_1_105' title='bbox 502 1814 550 1878; x_wconf 93' lang='lat' dir='ltr'><em>ita</em></span> <span class='ocrx_word' id='word_1_106' title='bbox 571 1820 607 1879; x_wconf 91' lang='lat' dir='ltr'><em>ut</em></span> <span class='ocrx_word' id='word_1_107' title='bbox 629 1821 659 1878; x_wconf 92' lang='lat' dir='ltr'><em>et</em></span> <span class='ocrx_word' id='word_1_108' title='bbox 677 1814 804 1896; x_wconf 76' lang='lat' dir='ltr'><em>praecis</em></span> <span class='ocrx_word' id='word_1_109' title='bbox 825 1814 941 1880; x_wconf 89' lang='lat' dir='ltr'><em>litteris</em></span> <span class='ocrx_word' id='word_1_110' title='bbox 962 1821 992 1880; x_wconf 93' lang='lat' dir='ltr'><em>et</em></span> <span class='ocrx_word' id='word_1_111' title='bbox 1013 1816 1173 1882; x_wconf 75' lang='lat' dir='ltr'><em>hebraicis</em></span> <span class='ocrx_word' id='word_1_112' title='bbox 1201 1817 1309 1883; x_wconf 85' lang='lat' dir='ltr'><em>doctus</em></span> 
     </span>
     <span class='ocr_line' id='line_1_16' title="bbox 145 1902 1308 1986; baseline 0.001 -17"><span class='ocrx_word' id='word_1_113' title='bbox 145 1929 171 1970; x_wconf 73' lang='grc' dir='ltr'><em>ιι</em></span> <span class='ocrx_word' id='word_1_114' title='bbox 189 1905 377 1984; x_wconf 89' lang='lat' dir='ltr'><em>crederetur,</em></span> <span class='ocrx_word' id='word_1_115' title='bbox 413 1902 569 1984; x_wconf 86' lang='lat' dir='ltr'><em>dictioque</em></span> <span class='ocrx_word' id='word_1_116' title='bbox 601 1902 723 1981; x_wconf 79' lang='lat' dir='ltr'><em>florida</em></span> <span class='ocrx_word' id='word_1_117' title='bbox 757 1903 889 1984; x_wconf 56' lang='lat' dir='ltr'><em>molem</em></span> <span class='ocrx_word' id='word_1_118' title='bbox 916 1905 1050 1986; x_wconf 77' lang='lat' dir='ltr'><em>praebet</em></span> <span class='ocrx_word' id='word_1_119' title='bbox 1075 1925 1198 1986; x_wconf 86' lang='lat' dir='ltr'><em>purum</em></span> <span class='ocrx_word' id='word_1_120' title='bbox 1231 1927 1308 1970; x_wconf 89' lang='lat' dir='ltr'><em>com·</em></span> 
     </span>
     <span class='ocr_line' id='line_1_17' title="bbox 189 1990 1306 2075; baseline 0.003 -19"><span class='ocrx_word' id='word_1_121' title='bbox 189 2013 324 2073; x_wconf 73' lang='lat' dir='ltr'><em>murem</em></span> <span class='ocrx_word' id='word_1_122' title='bbox 348 2013 388 2056; x_wconf 91' lang='lat' dir='ltr'><em>ue</em></span> <span class='ocrx_word' id='word_1_123' title='bbox 410 1991 515 2056; x_wconf 92' lang='lat' dir='ltr'><em>dicam</em></span> <span class='ocrx_word' id='word_1_124' title='bbox 536 1990 725 2056; x_wconf 81' lang='lat' dir='ltr'><em>mirabilem.</em></span> <span class='ocrx_word' id='word_1_125' title='bbox 769 1991 976 2056; x_wconf 80' lang='lat' dir='ltr'><em>Oormiuibus</em></span> <span class='ocrx_word' id='word_1_126' title='bbox 994 1993 1138 2075; x_wconf 83' lang='lat' dir='ltr'><em>Verqilii,</em></span> <span class='ocrx_word' id='word_1_127' title='bbox 1162 1994 1306 2075; x_wconf 87' lang='lat' dir='ltr'><em>Horatii,</em></span> 
     </span>
     <span class='ocr_line' id='line_1_18' title="bbox 194 2079 1308 2164; baseline 0.003 -19"><span class='ocrx_word' id='word_1_128' title='bbox 194 2079 303 2146; x_wconf 84' lang='lat' dir='ltr'><em>Ouidii</em></span> <span class='ocrx_word' id='word_1_129' title='bbox 336 2079 384 2144; x_wconf 89' lang='lat' dir='ltr'><em>ita</em></span> <span class='ocrx_word' id='word_1_130' title='bbox 413 2081 585 2161; x_wconf 87' lang='lat' dir='ltr'><em>studuerat,</em></span> <span class='ocrx_word' id='word_1_131' title='bbox 620 2086 656 2144; x_wconf 93' lang='lat' dir='ltr'><em>ut</em></span> <span class='ocrx_word' id='word_1_132' title='bbox 684 2101 723 2144; x_wconf 91' lang='lat' dir='ltr'><em>eo</em></span> <span class='ocrx_word' id='word_1_133' title='bbox 751 2079 841 2144; x_wconf 85' lang='lat' dir='ltr'><em>baud</em></span> <span class='ocrx_word' id='word_1_134' title='bbox 872 2079 982 2145; x_wconf 83' lang='lat' dir='ltr'><em>timide</em></span> <span class='ocrx_word' id='word_1_135' title='bbox 1006 2081 1134 2162; x_wconf 86' lang='lat' dir='ltr'><em>passim</em></span> <span class='ocrx_word' id='word_1_136' title='bbox 1167 2081 1308 2164; x_wconf 72' lang='lat' dir='ltr'><em>expilare</em></span> 
     </span>
     <span class='ocr_line' id='line_1_19' title="bbox 183 2167 1309 2250; baseline 0.004 -18"><span class='ocrx_word' id='word_1_137' title='bbox 183 2175 297 2250; x_wconf 90' lang='lat' dir='ltr'><em>posset.</em></span> <span class='ocrx_word' id='word_1_138' title='bbox 363 2169 419 2233; x_wconf 84' lang='lat' dir='ltr'><em>Eu</em></span> <span class='ocrx_word' id='word_1_139' title='bbox 456 2169 550 2234; x_wconf 91' lang='lat' dir='ltr'><em>tibris</em></span> <span class='ocrx_word' id='word_1_140' title='bbox 586 2175 750 2233; x_wconf 88' lang='lat' dir='ltr'><em>auctorum</em></span> <span class='ocrx_word' id='word_1_141' title='bbox 787 2167 991 2234; x_wconf 80' lang='lat' dir='ltr'><em>classicorum</em></span> <span class='ocrx_word' id='word_1_142' title='bbox 1028 2169 1149 2236; x_wconf 85' lang='lat' dir='ltr'><em>latinas</em></span> <span class='ocrx_word' id='word_1_143' title='bbox 1186 2171 1309 2237; x_wconf 88' lang='lat' dir='ltr'><em>litteras</em></span> 
     </span>
     <span class='ocr_line' id='line_1_20' title="bbox 190 2256 1309 2342; baseline 0.004 -20"><span class='ocrx_word' id='word_1_144' title='bbox 190 2258 313 2322; x_wconf 83' lang='lat' dir='ltr'><em>Scottus</em></span> <span class='ocrx_word' id='word_1_145' title='bbox 346 2257 504 2322; x_wconf 83' lang='lat' dir='ltr'><em>didicerat</em></span> <span class='ocrx_word' id='word_1_146' title='bbox 536 2277 571 2322; x_wconf 91' lang='lat' dir='ltr'><em>eo</em></span> <span class='ocrx_word' id='word_1_147' title='bbox 607 2256 736 2338; x_wconf 79' lang='lat' dir='ltr'><em>ucelius,</em></span> <span class='ocrx_word' id='word_1_148' title='bbox 774 2277 835 2339; x_wconf 92' lang='lat' dir='ltr'><em>quo</em></span> <span class='ocrx_word' id='word_1_149' title='bbox 871 2257 980 2322; x_wconf 90' lang='lat' dir='ltr'><em>miuus</em></span> <span class='ocrx_word' id='word_1_150' title='bbox 1010 2258 1118 2342; x_wconf 89' lang='lat' dir='ltr'><em>patrii</em></span> <span class='ocrx_word' id='word_1_151' title='bbox 1153 2259 1309 2326; x_wconf 76' lang='lat' dir='ltr'><em>sumouis</em></span> 
     </span>
     <span class='ocr_line' id='line_1_21' title="bbox 17 2345 1309 2432; baseline 0.002 -21"><span class='ocrx_word' id='word_1_152' title='bbox 17 2375 23 2388; x_wconf 85' lang='lat'><strong><em>.</em></strong></span> <span class='ocrx_word' id='word_1_153' title='bbox 143 2371 172 2412; x_wconf 78' lang='lat' dir='ltr'><em>so</em></span> <span class='ocrx_word' id='word_1_154' title='bbox 189 2345 353 2426; x_wconf 75' lang='lat' dir='ltr'><em>affiuitute</em></span> <span class='ocrx_word' id='word_1_155' title='bbox 376 2347 421 2411; x_wconf 90' lang='lat' dir='ltr'><em>ad</em></span> <span class='ocrx_word' id='word_1_156' title='bbox 440 2345 637 2411; x_wconf 85' lang='lat' dir='ltr'><em>soloecismos</em></span> <span class='ocrx_word' id='word_1_157' title='bbox 657 2345 869 2427; x_wconf 72' lang='lat' dir='ltr'><em>induceretur,</em></span> <span class='ocrx_word' id='word_1_158' title='bbox 893 2346 1067 2430; x_wconf 87' lang='lat' dir='ltr'><em>sobolisque</em></span> <span class='ocrx_word' id='word_1_159' title='bbox 1087 2347 1191 2430; x_wconf 82' lang='lat' dir='ltr'><em>ipsius</em></span> <span class='ocrx_word' id='word_1_160' title='bbox 1209 2349 1309 2432; x_wconf 90' lang='lat' dir='ltr'><em>pueri</em></span> 
     </span>
     <span class='ocr_line' id='line_1_22' title="bbox 188 2433 1311 2518; baseline 0.004 -20"><span class='ocrx_word' id='word_1_161' title='bbox 188 2433 415 2516; x_wconf 80' lang='lat' dir='ltr'><em>sraucoqattici</em></span> <span class='ocrx_word' id='word_1_162' title='bbox 448 2455 514 2498; x_wconf 90' lang='lat' dir='ltr'><em>uou</em></span> <span class='ocrx_word' id='word_1_163' title='bbox 546 2434 646 2498; x_wconf 89' lang='lat' dir='ltr'><em>solum</em></span> <span class='ocrx_word' id='word_1_164' title='bbox 679 2436 725 2500; x_wconf 93' lang='lat' dir='ltr'><em>ad</em></span> <span class='ocrx_word' id='word_1_165' title='bbox 753 2434 1001 2518; x_wconf 80' lang='lat' dir='ltr'><em>poeniteutiam,</em></span> <span class='ocrx_word' id='word_1_166' title='bbox 1040 2437 1097 2501; x_wconf 89' lang='lat' dir='ltr'><em>sed</em></span> <span class='ocrx_word' id='word_1_167' title='bbox 1132 2437 1228 2502; x_wconf 91' lang='lat' dir='ltr'><em>etiam</em></span> <span class='ocrx_word' id='word_1_168' title='bbox 1265 2439 1311 2504; x_wconf 89' lang='lat' dir='ltr'><em>ad</em></span> 
     </span>
     <span class='ocr_line' id='line_1_23' title="bbox 181 2523 1307 2606; baseline 0.004 -18"><span class='ocrx_word' id='word_1_169' title='bbox 181 2523 348 2605; x_wconf 88' lang='lat' dir='ltr'><em>puriorem</em></span> <span class='ocrx_word' id='word_1_170' title='bbox 371 2523 561 2588; x_wconf 90' lang='lat' dir='ltr'><em>latiuitatem</em></span> <span class='ocrx_word' id='word_1_171' title='bbox 583 2523 715 2588; x_wconf 90' lang='lat' dir='ltr'><em>educari</em></span> <span class='ocrx_word' id='word_1_172' title='bbox 737 2529 896 2606; x_wconf 87' lang='lat' dir='ltr'><em>poteraut.</em></span> <span class='ocrx_word' id='word_1_173' title='bbox 948 2524 1001 2590; x_wconf 90' lang='lat' dir='ltr'><em>De</em></span> <span class='ocrx_word' id='word_1_174' title='bbox 1029 2526 1236 2592; x_wconf 85' lang='lat' dir='ltr'><em>cuuudaudis</em></span> <span class='ocrx_word' id='word_1_175' title='bbox 1264 2548 1307 2592; x_wconf 93' lang='lat' dir='ltr'><em>ec·</em></span> 
     </span>
     <span class='ocr_line' id='line_1_24' title="bbox 188 2611 1308 2695; baseline 0.004 -19"><span class='ocrx_word' id='word_1_176' title='bbox 188 2611 302 2676; x_wconf 85' lang='lat' dir='ltr'><em>etesiae</em></span> <span class='ocrx_word' id='word_1_177' title='bbox 322 2611 513 2677; x_wconf 82' lang='lat' dir='ltr'><em>Gallieouae</em></span> <span class='ocrx_word' id='word_1_178' title='bbox 533 2611 674 2676; x_wconf 88' lang='lat' dir='ltr'><em>moribus</em></span> <span class='ocrx_word' id='word_1_179' title='bbox 696 2611 855 2694; x_wconf 89' lang='lat' dir='ltr'><em>corruptis</em></span> <span class='ocrx_word' id='word_1_180' title='bbox 876 2619 969 2694; x_wconf 90' lang='lat' dir='ltr'><em>atque</em></span> <span class='ocrx_word' id='word_1_181' title='bbox 991 2614 1030 2678; x_wconf 92' lang='lat' dir='ltr'><em>de</em></span> <span class='ocrx_word' id='word_1_182' title='bbox 1050 2613 1223 2680; x_wconf 79' lang='lat' dir='ltr'><em>Germams</em></span> <span class='ocrx_word' id='word_1_183' title='bbox 1243 2617 1308 2695; x_wconf 81' lang='lat' dir='ltr'><em>fide</em></span> 
     </span>
     <span class='ocr_line' id='line_1_25' title="bbox 189 2699 1334 2784; baseline 0.004 -20"><span class='ocrx_word' id='word_1_184' title='bbox 189 2699 370 2766; x_wconf 81' lang='lat' dir='ltr'><em>cbristiaua</em></span> <span class='ocrx_word' id='word_1_185' title='bbox 398 2699 576 2765; x_wconf 76' lang='lat' dir='ltr'><em>imbuendis</em></span> <span class='ocrx_word' id='word_1_186' title='bbox 598 2700 712 2782; x_wconf 91' lang='lat' dir='ltr'><em>optime</em></span> <span class='ocrx_word' id='word_1_187' title='bbox 740 2699 871 2765; x_wconf 82' lang='lat' dir='ltr'><em>moritus</em></span> <span class='ocrx_word' id='word_1_188' title='bbox 898 2707 952 2766; x_wconf 90' lang='lat' dir='ltr'><em>est.</em></span> <span class='ocrx_word' id='word_1_189' title='bbox 1005 2703 1057 2766; x_wconf 89' lang='lat' dir='ltr'><em>Eo</em></span> <span class='ocrx_word' id='word_1_190' title='bbox 1085 2705 1170 2784; x_wconf 88' lang='lat' dir='ltr'><em>quod</em></span> <span class='ocrx_word' id='word_1_191' title='bbox 1192 2704 1334 2784; x_wconf 62' lang='lat' dir='ltr'><em>Scottis,</em></span> 
     </span>
     <span class='ocr_line' id='line_1_26' title="bbox 142 2787 1307 2874; baseline 0.002 -19"><span class='ocrx_word' id='word_1_192' title='bbox 142 2811 170 2855; x_wconf 80' lang='lat' dir='ltr'><em>ss</em></span> <span class='ocrx_word' id='word_1_193' title='bbox 187 2787 321 2854; x_wconf 87' lang='lat' dir='ltr'><em>iusitum</em></span> <span class='ocrx_word' id='word_1_194' title='bbox 358 2795 404 2853; x_wconf 89' lang='lat' dir='ltr'><em>est</em></span> <span class='ocrx_word' id='word_1_195' title='bbox 432 2787 690 2870; x_wconf 77' lang='lat' dir='ltr'><em>pereqriuaudi²</em></span> <span class='ocrx_word' id='word_1_196' title='bbox 722 2788 826 2854; x_wconf 89' lang='lat' dir='ltr'><em>studio</em></span> <span class='ocrx_word' id='word_1_197' title='bbox 863 2796 952 2854; x_wconf 88' lang='lat' dir='ltr'><em>actus</em></span> <span class='ocrx_word' id='word_1_198' title='bbox 988 2791 1155 2856; x_wconf 91' lang='lat' dir='ltr'><em>cousilium</em></span> <span class='ocrx_word' id='word_1_199' title='bbox 1193 2793 1307 2874; x_wconf 73' lang='lat' dir='ltr'><em>duplex</em></span> 
     </span>
     <span class='ocr_line' id='line_1_27' title="bbox 188 2877 1306 2962; baseline 0.004 -21"><span class='ocrx_word' id='word_1_200' title='bbox 188 2883 321 2958; x_wconf 88' lang='lat' dir='ltr'><em>ceperat,</em></span> <span class='ocrx_word' id='word_1_201' title='bbox 344 2883 380 2941; x_wconf 91' lang='lat' dir='ltr'><em>ut</em></span> <span class='ocrx_word' id='word_1_202' title='bbox 394 2877 504 2959; x_wconf 87' lang='lat' dir='ltr'><em>primo</em></span> <span class='ocrx_word' id='word_1_203' title='bbox 531 2877 643 2942; x_wconf 85' lang='lat' dir='ltr'><em>Gallos</em></span> <span class='ocrx_word' id='word_1_204' title='bbox 665 2877 858 2942; x_wconf 82' lang='lat' dir='ltr'><em>cbristiouos</em></span> <span class='ocrx_word' id='word_1_205' title='bbox 882 2884 1053 2962; x_wconf 89' lang='lat' dir='ltr'><em>temptaret,</em></span> <span class='ocrx_word' id='word_1_206' title='bbox 1080 2902 1158 2946; x_wconf 77' lang='lat' dir='ltr'><em>imm</em></span> <span class='ocrx_word' id='word_1_207' title='bbox 1180 2881 1306 2946; x_wconf 87' lang='lat' dir='ltr'><em>bumili-</em></span> 
     </span>
     <span class='ocr_line' id='line_1_28' title="bbox 187 2965 1306 3052; baseline 0.004 -22"><span class='ocrx_word' id='word_1_208' title='bbox 187 2965 247 3030; x_wconf 89' lang='lat' dir='ltr'><em>tali</em></span> <span class='ocrx_word' id='word_1_209' title='bbox 277 2965 555 3048; x_wconf 77' lang='lat' dir='ltr'><em>poenitentiaeque</em></span> <span class='ocrx_word' id='word_1_210' title='bbox 585 2972 743 3048; x_wconf 81' lang='lat' dir='ltr'><em>paterent,</em></span> <span class='ocrx_word' id='word_1_211' title='bbox 781 2966 812 3030; x_wconf 90' lang='lat' dir='ltr'><em>si</em></span> <span class='ocrx_word' id='word_1_212' title='bbox 844 2966 960 3047; x_wconf 88' lang='lat' dir='ltr'><em>miuus,</em></span> <span class='ocrx_word' id='word_1_213' title='bbox 996 2974 1104 3049; x_wconf 86' lang='lat' dir='ltr'><em>qeutes</em></span> <span class='ocrx_word' id='word_1_214' title='bbox 1140 2969 1306 3052; x_wconf 76' lang='lat' dir='ltr'><em>viciuos⁸;</em></span> 
     </span>
     <span class='ocr_line' id='line_1_29' title="bbox 186 3054 1307 3139; baseline 0.004 -21"><span class='ocrx_word' id='word_1_215' title='bbox 186 3056 312 3119; x_wconf 86' lang='lat' dir='ltr'><em>easdem</em></span> <span class='ocrx_word' id='word_1_216' title='bbox 334 3055 521 3136; x_wconf 68' lang='lat' dir='ltr'><em>sambuce</em></span> <span class='ocrx_word' id='word_1_217' title='bbox 547 3054 737 3120; x_wconf 78' lang='lat' dir='ltr'><em>Theuderici</em></span> <span class='ocrx_word' id='word_1_218' title='bbox 759 3075 856 3136; x_wconf 88' lang='lat' dir='ltr'><em>requo</em></span> <span class='ocrx_word' id='word_1_219' title='bbox 877 3054 1028 3136; x_wconf 78' lang='lat' dir='ltr'><em>rrisitaoit,</em></span> <span class='ocrx_word' id='word_1_220' title='bbox 1051 3055 1222 3139; x_wconf 86' lang='lat' dir='ltr'><em>sicutipse</em></span> <span class='ocrx_word' id='word_1_221' title='bbox 1243 3057 1307 3122; x_wconf 87' lang='lat' dir='ltr'><em>sibi</em></span> 
     </span>
     <span class='ocr_line' id='line_1_30' title="bbox 180 3142 1305 3227; baseline 0 -19"><span class='ocrx_word' id='word_1_222' title='bbox 180 3143 423 3225; x_wconf 45' lang='lat' dir='ltr'><em>proposuerat&amp;</em></span> <span class='ocrx_word' id='word_1_223' title='bbox 451 3145 576 3208; x_wconf 87' lang='lat' dir='ltr'><em>eosdem</em></span> <span class='ocrx_word' id='word_1_224' title='bbox 604 3149 640 3206; x_wconf 93' lang='lat' dir='ltr'><em>ut</em></span> <span class='ocrx_word' id='word_1_225' title='bbox 668 3142 836 3208; x_wconf 85' lang='lat' dir='ltr'><em>m&#39;sitareut</em></span> <span class='ocrx_word' id='word_1_226' title='bbox 867 3163 1074 3224; x_wconf 88' lang='lat' dir='ltr'><em>successores,</em></span> <span class='ocrx_word' id='word_1_227' title='bbox 1101 3151 1305 3227; x_wconf 85' lang='lat' dir='ltr'><em>praeceptum</em></span> 
     </span>
     <span class='ocr_line' id='line_1_31' title="bbox 141 3231 1306 3315; baseline 0.001 -18"><span class='ocrx_word' id='word_1_228' title='bbox 141 3254 170 3297; x_wconf 83' lang='lat' dir='ltr'><em>so</em></span> <span class='ocrx_word' id='word_1_229' title='bbox 187 3231 318 3313; x_wconf 89' lang='lat' dir='ltr'><em>reliquit</em></span> <span class='ocrx_word' id='word_1_230' title='bbox 337 3231 513 3295; x_wconf 83' lang='lat' dir='ltr'><em>ultimum⁵.</em></span> <span class='ocrx_word' id='word_1_231' title='bbox 553 3231 668 3313; x_wconf 89' lang='lat' dir='ltr'><em>Itaque</em></span> <span class='ocrx_word' id='word_1_232' title='bbox 690 3233 988 3296; x_wconf 78' lang='lat' dir='ltr'><em>emicedeudumt</em></span> <span class='ocrx_word' id='word_1_233' title='bbox 941 3237 994 3312; x_wconf 89' lang='lat' dir='ltr'><em>est,</em></span> <span class='ocrx_word' id='word_1_234' title='bbox 1011 3251 1081 3296; x_wconf 86' lang='lat' dir='ltr'><em>cum</em></span> <span class='ocrx_word' id='word_1_235' title='bbox 1096 3234 1142 3298; x_wconf 89' lang='lat' dir='ltr'><em>ad</em></span> <span class='ocrx_word' id='word_1_236' title='bbox 1154 3254 1306 3315; x_wconf 87' lang='lat' dir='ltr'><em>paqauos</em></span> 
     </span>
     <span class='ocr_line' id='line_1_32' title="bbox 187 3319 1305 3420; baseline 0.002 -36"><span class='ocrx_word' id='word_1_237' title='bbox 187 3321 409 3384; x_wconf 83' lang='lat' dir='ltr'><em>couverteudos</em></span> <span class='ocrx_word' id='word_1_238' title='bbox 431 3342 453 3384; x_wconf 91' lang='lat' dir='ltr'><em>o</em></span> <span class='ocrx_word' id='word_1_239' title='bbox 476 3319 592 3402; x_wconf 85' lang='lat' dir='ltr'><em>patria</em></span> <span class='ocrx_word' id='word_1_240' title='bbox 613 3319 745 3383; x_wconf 91' lang='lat' dir='ltr'><em>miuime</em></span> <span class='ocrx_word' id='word_1_241' title='bbox 773 3319 883 3400; x_wconf 73' lang='lat' dir='ltr'><em>exisse,</em></span> <span class='ocrx_word' id='word_1_242' title='bbox 913 3321 970 3384; x_wconf 90' lang='lat' dir='ltr'><em>sed</em></span> <span class='ocrx_word' id='word_1_243' title='bbox 990 3325 1103 3401; x_wconf 89' lang='lat' dir='ltr'><em>postea</em></span> <span class='ocrx_word' id='word_1_244' title='bbox 1130 3319 1168 3386; x_wconf 88' lang='lat' dir='ltr'><em>iu</em></span> <span class='ocrx_word' id='word_1_245' title='bbox 1190 3341 1305 3420; x_wconf 83' lang='lat' dir='ltr'><em>propo·</em></span> 
     </span>
     <span class='ocr_line' id='line_1_33' title="bbox 186 3407 1305 3492; baseline 0.003 -20"><span class='ocrx_word' id='word_1_246' title='bbox 186 3407 283 3472; x_wconf 67' lang='lat' dir='ltr'><em>uuum</em></span> <span class='ocrx_word' id='word_1_247' title='bbox 304 3407 388 3473; x_wconf 90' lang='lat' dir='ltr'><em>illud</em></span> <span class='ocrx_word' id='word_1_248' title='bbox 406 3407 590 3489; x_wconf 76' lang='lat' dir='ltr'><em>declinasse,</em></span> <span class='ocrx_word' id='word_1_249' title='bbox 606 3427 705 3490; x_wconf 84' lang='lat' dir='ltr'><em>neque</em></span> <span class='ocrx_word' id='word_1_250' title='bbox 719 3427 792 3472; x_wconf 89' lang='lat' dir='ltr'><em>ocra</em></span> <span class='ocrx_word' id='word_1_251' title='bbox 807 3413 978 3490; x_wconf 87' lang='lat' dir='ltr'><em>propterea</em></span> <span class='ocrx_word' id='word_1_252' title='bbox 992 3409 1093 3473; x_wconf 74' lang='lat' dir='ltr'><em>mcum</em></span> <span class='ocrx_word' id='word_1_253' title='bbox 1108 3409 1305 3492; x_wconf 84' lang='lat' dir='ltr'><em>primarium</em></span> 
     </span>
     <span class='ocr_line' id='line_1_34' title="bbox 186 3495 1305 3579; baseline 0.004 -19"><span class='ocrx_word' id='word_1_254' title='bbox 186 3495 272 3562; x_wconf 89' lang='lat' dir='ltr'><em>iuter</em></span> <span class='ocrx_word' id='word_1_255' title='bbox 288 3496 528 3578; x_wconf 79' lang='lat' dir='ltr'><em>praeduaures</em></span> <span class='ocrx_word' id='word_1_256' title='bbox 548 3495 690 3579; x_wconf 86' lang='lat' dir='ltr'><em>qeutimu</em></span> <span class='ocrx_word' id='word_1_257' title='bbox 712 3497 847 3578; x_wconf 86' lang='lat' dir='ltr'><em>perdere</em></span> <span class='ocrx_word' id='word_1_258' title='bbox 868 3495 951 3561; x_wconf 85' lang='lat' dir='ltr'><em>mibi</em></span> <span class='ocrx_word' id='word_1_259' title='bbox 979 3495 1112 3563; x_wconf 83' lang='lat' dir='ltr'><em>uidetur</em></span> <span class='ocrx_word' id='word_1_260' title='bbox 1165 3497 1305 3565; x_wconf 85' lang='lat' dir='ltr'><em>Iustiore</em></span> 
     </span>
     <span class='ocr_line' id='line_1_35' title="bbox 187 3583 1304 3670; baseline 0.003 -20"><span class='ocrx_word' id='word_1_261' title='bbox 187 3587 225 3650; x_wconf 89' lang='lat' dir='ltr'><em>de</em></span> <span class='ocrx_word' id='word_1_262' title='bbox 247 3606 347 3651; x_wconf 89' lang='lat' dir='ltr'><em>causa</em></span> <span class='ocrx_word' id='word_1_263' title='bbox 374 3584 413 3651; x_wconf 90' lang='lat' dir='ltr'><em>id</em></span> <span class='ocrx_word' id='word_1_264' title='bbox 439 3585 517 3650; x_wconf 85' lang='lat' dir='ltr'><em>citio</em></span> <span class='ocrx_word' id='word_1_265' title='bbox 545 3584 611 3667; x_wconf 86' lang='lat' dir='ltr'><em>ipsi</em></span> <span class='ocrx_word' id='word_1_266' title='bbox 639 3583 782 3670; x_wconf 79' lang='lat' dir='ltr'><em>uerti&#39;lur,</em></span> <span class='ocrx_word' id='word_1_267' title='bbox 812 3585 897 3667; x_wconf 90' lang='lat' dir='ltr'><em>quod</em></span> <span class='ocrx_word' id='word_1_268' title='bbox 923 3585 1049 3667; x_wconf 82' lang='lat' dir='ltr'><em>incepta</em></span> <span class='ocrx_word' id='word_1_269' title='bbox 1077 3607 1138 3652; x_wconf 81' lang='lat' dir='ltr'><em>scra</em></span> <span class='ocrx_word' id='word_1_270' title='bbox 1159 3607 1304 3670; x_wconf 86' lang='lat' dir='ltr'><em>persecu</em></span> 
     </span>
     <span class='ocr_line' id='line_1_36' title="bbox 141 3671 1303 3757; baseline 0.002 -18"><span class='ocrx_word' id='word_1_271' title='bbox 141 3697 169 3740; x_wconf 78' lang='lat' dir='ltr'><em>so</em></span> <span class='ocrx_word' id='word_1_272' title='bbox 187 3679 278 3739; x_wconf 88' lang='lat' dir='ltr'><em>turus</em></span> <span class='ocrx_word' id='word_1_273' title='bbox 301 3693 423 3756; x_wconf 88' lang='lat' dir='ltr'><em>parum</em></span> <span class='ocrx_word' id='word_1_274' title='bbox 446 3671 648 3756; x_wconf 80' lang='lat' dir='ltr'><em>praestiterit</em></span> <span class='ocrx_word' id='word_1_275' title='bbox 674 3673 904 3739; x_wconf 82' lang='lat' dir='ltr'><em>coustautiae⁶.</em></span> <span class='ocrx_word' id='word_1_276' title='bbox 956 3674 1162 3741; x_wconf 84' lang='lat' dir='ltr'><em>Mouastcria</em></span> <span class='ocrx_word' id='word_1_277' title='bbox 1190 3682 1303 3757; x_wconf 76' lang='lat' dir='ltr'><em>autur,</em></span> 
     </span>
     <span class='ocr_line' id='line_1_37' title="bbox 186 3761 1305 3848; baseline 0.002 -19"><span class='ocrx_word' id='word_1_278' title='bbox 186 3783 321 3846; x_wconf 88' lang='lat' dir='ltr'><em>quorum</em></span> <span class='ocrx_word' id='word_1_279' title='bbox 353 3762 421 3845; x_wconf 91' lang='lat' dir='ltr'><em>ipse</em></span> <span class='ocrx_word' id='word_1_280' title='bbox 449 3763 498 3828; x_wconf 88' lang='lat' dir='ltr'><em>uel</em></span> <span class='ocrx_word' id='word_1_281' title='bbox 526 3761 677 3844; x_wconf 78' lang='lat' dir='ltr'><em>discipuli</em></span> <span class='ocrx_word' id='word_1_282' title='bbox 704 3764 773 3828; x_wconf 85' lang='lat' dir='ltr'><em>eius</em></span> <span class='ocrx_word' id='word_1_283' title='bbox 800 3762 1014 3841; x_wconf 82' lang='lat' dir='ltr'><em>fundamenta</em></span> <span class='ocrx_word' id='word_1_284' title='bbox 1041 3763 1190 3848; x_wconf 79' lang='lat' dir='ltr'><em>iecercrct,</em></span> <span class='ocrx_word' id='word_1_285' title='bbox 1220 3765 1305 3831; x_wconf 78' lang='lat' dir='ltr'><em>huuc</em></span> 
     </span>
     <span class='ocr_line' id='line_1_38' title="bbox 186 3849 1305 3936; baseline -0.001 -18"><span class='ocrx_word' id='word_1_286' title='bbox 186 3873 277 3935; x_wconf 90' lang='lat' dir='ltr'><em>quem</em></span> <span class='ocrx_word' id='word_1_287' title='bbox 314 3852 464 3918; x_wconf 73' lang='lat' dir='ltr'><em>baburrus</em></span> <span class='ocrx_word' id='word_1_288' title='bbox 501 3851 676 3916; x_wconf 73' lang='lat' dir='ltr'><em>muscarum</em></span> <span class='ocrx_word' id='word_1_289' title='bbox 713 3849 830 3917; x_wconf 73' lang='lat' dir='ltr'><em>meltum</em></span> <span class='ocrx_word' id='word_1_290' title='bbox 867 3849 1049 3934; x_wconf 75' lang='lat' dir='ltr'><em>urileruque</em></span> <span class='ocrx_word' id='word_1_291' title='bbox 1078 3873 1142 3935; x_wconf 89' lang='lat' dir='ltr'><em>per</em></span> <span class='ocrx_word' id='word_1_292' title='bbox 1177 3854 1305 3936; x_wconf 69' lang='lat' dir='ltr'><em>uiriqum</em></span> 
     </span>
     <span class='ocr_line' id='line_1_39' title="bbox 186 3938 1302 4024; baseline 0.001 -17"><span class='ocrx_word' id='word_1_293' title='bbox 186 3948 306 4024; x_wconf 77' lang='lat' dir='ltr'><em>ternpus</em></span> <span class='ocrx_word' id='word_1_294' title='bbox 326 3941 396 4021; x_wconf 82' lang='lat' dir='ltr'><em>fere</em></span> <span class='ocrx_word' id='word_1_295' title='bbox 424 3941 494 4006; x_wconf 92' lang='lat' dir='ltr'><em>sola</em></span> <span class='ocrx_word' id='word_1_296' title='bbox 523 3960 724 4006; x_wconf 82' lang='lat' dir='ltr'><em>conseruasse</em></span> <span class='ocrx_word' id='word_1_297' title='bbox 745 3938 944 4022; x_wconf 87' lang='lat' dir='ltr'><em>posterisque</em></span> <span class='ocrx_word' id='word_1_298' title='bbox 973 3939 1145 4007; x_wconf 88' lang='lat' dir='ltr'><em>tradidisse</em></span> <span class='ocrx_word' id='word_1_299' title='bbox 1174 3948 1302 4023; x_wconf 80' lang='lat' dir='ltr'><em>constet,</em></span> 
     </span>
    </p>
   </div>
   <div class='ocr_carea' id='block_1_4' title="bbox 141 4147 1303 4436">
    <p class='ocr_par' dir='ltr' id='par_1_4' title="bbox 141 4147 1303 4436">
     <span class='ocr_line' id='line_1_40' title="bbox 187 4147 1302 4236; baseline 0.005 -32"><span class='ocrx_word' id='word_1_300' title='bbox 187 4155 214 4221; x_wconf 89' lang='lat'><em>1)</em></span> <span class='ocrx_word' id='word_1_301' title='bbox 237 4151 304 4208; x_wconf 73' lang='lat' dir='ltr'><em>HG</em></span> <span class='ocrx_word' id='word_1_302' title='bbox 322 4151 375 4220; x_wconf 77' lang='lat' dir='ltr'><em>Ep.</em></span> <span class='ocrx_word' id='word_1_303' title='bbox 394 4150 525 4218; x_wconf 79' lang='lat'><strong><em>111162</em></strong></span> <span class='ocrx_word' id='word_1_304' title='bbox 620 4151 649 4218; x_wconf 80' lang='lat'><em>2)</em></span> <span class='ocrx_word' id='word_1_305' title='bbox 670 4149 713 4214; x_wconf 76' lang='lat' dir='ltr'><em>Of.</em></span> <span class='ocrx_word' id='word_1_306' title='bbox 730 4147 761 4203; x_wconf 97' lang='lat' dir='ltr'><em>V.</em></span> <span class='ocrx_word' id='word_1_307' title='bbox 780 4148 810 4204; x_wconf 79' lang='lat'><em>8</em></span> <span class='ocrx_word' id='word_1_308' title='bbox 829 4148 992 4203; x_wconf 58' lang='lat' dir='ltr'><em>Galliam</em></span> <span class='ocrx_word' id='word_1_309' title='bbox 1010 4147 1302 4236; x_wconf 59' lang='lat' dir='ltr'><em>ususfructus:</em></span> 
     </span>
     <span class='ocr_line' id='line_1_41' title="bbox 141 4217 1303 4294; baseline -0.004 -17"><span class='ocrx_word' id='word_1_310' title='bbox 141 4238 170 4280; x_wconf 73' lang='lat' dir='ltr'><em>co</em></span> <span class='ocrx_word' id='word_1_311' title='bbox 186 4223 222 4280; x_wconf 82' lang='lat' dir='ltr'><em>de</em></span> <span class='ocrx_word' id='word_1_312' title='bbox 238 4223 351 4277; x_wconf 74' lang='lat' dir='ltr'><em>natione</em></span> <span class='ocrx_word' id='word_1_313' title='bbox 368 4220 537 4289; x_wconf 81' lang='lat' dir='ltr'><em>Scottorum,</em></span> <span class='ocrx_word' id='word_1_314' title='bbox 562 4218 661 4288; x_wconf 75' lang='lat' dir='ltr'><em>qmbus</em></span> <span class='ocrx_word' id='word_1_315' title='bbox 686 4217 855 4273; x_wconf 76' lang='lat' dir='ltr'><em>consuetudo</em></span> <span class='ocrx_word' id='word_1_316' title='bbox 878 4217 1105 4288; x_wconf 66' lang='lat' dir='ltr'><em>peregrinandi</em></span> <span class='ocrx_word' id='word_1_317' title='bbox 1097 4235 1152 4278; x_wconf 72' lang='lat' dir='ltr'><em>ism</em></span> <span class='ocrx_word' id='word_1_318' title='bbox 1169 4241 1257 4294; x_wconf 61' lang='lat' dir='ltr'><em>paone</em></span> <span class='ocrx_word' id='word_1_319' title='bbox 1274 4224 1303 4276; x_wconf 87' lang='lat' dir='ltr'><em>in</em></span> 
     </span>
     <span class='ocr_line' id='line_1_42' title="bbox 186 4259 1301 4364; baseline -0.002 -15"><span class='ocrx_word' id='word_1_320' title='bbox 186 4259 542 4349; x_wconf 71' lang='lat' dir='ltr'><em>mturamoonvemeei</em></span> <span class='ocrx_word' id='word_1_321' title='bbox 632 4289 940 4359; x_wconf 62' lang='lat' dir='ltr'><em>3)VOelumb.I,4</em></span> <span class='ocrx_word' id='word_1_322' title='bbox 1034 4291 1301 4364; x_wconf 76' lang='lat' dir='ltr'><em>4)MG..lprII,</em></span> 
     </span>
     <span class='ocr_line' id='line_1_43' title="bbox 183 4333 1301 4436; baseline -0.004 -14"><span class='ocrx_word' id='word_1_323' title='bbox 183 4362 624 4436; x_wconf 74' lang='lat' dir='ltr'><em>p.ltl‘t,·rf.V.cotumb..1‚2&#39;l</em></span> <span class='ocrx_word' id='word_1_324' title='bbox 685 4333 1301 4434; x_wconf 69' lang='lat' dir='ltr'><em>5)chuno.11,8.c)uauuyz.1</em></span> 
     </span>
    </p>
   </div>
   <div class='ocr_carea' id='block_1_5' title="bbox 0 0 1616 5030">
    <p class='ocr_par' dir='ltr' id='par_1_5' title="bbox 0 0 1616 5030">
     <span class='ocr_line' id='line_1_44' title="bbox 0 0 1616 5030; baseline 0 2"><span class='ocrx_word' id='word_1_325' title='bbox 0 0 1616 5030; x_wconf 95' lang='lat' dir='ltr'><em> </em></span> 
     </span>
    </p>
   </div>
  </div>
 </body>
</html>
