3222 5030
427 463 553 533 Ionas,
565 463 687 518 VITAE
706 462 935 521 COLUMBANI
951 464 1060 520 LIBRI
1078 465 1117 520 11.
1297 471 1332 525 39

322 647 398 728 Ipso
421 649 544 712 sedente
566 646 600 711 B
607 647 715 711 ertnb
721 646 810 726 sas1
832 645 931 712 eitam
959 647 1137 729 reputarem
1165 647 1203 712 in
1225 669 1331 713 mona·

213 735 309 801 sterio
325 735 521 800 manaae·
543 736 600 800 diu
622 734 708 816 deqit
728 734 779 798 air
799 755 913 816 ponere
934 735 1059 817 nobilis,
1083 735 1139 817 qui
1161 757 1199 801 ea
1219 736 1332 819 pentibi

213 823 411 890 christianas
432 824 547 905 foetas,
578 822 721 888 dimissis
742 825 835 888 rebus
857 823 1010 905 manibus,
1034 824 1169 904 Arnatfi
1191 825 1332 909 episcopi

213 912 382 978 Mettensis
404 911 633 994 consaaqainei
655 911 799 994 aestipia'
807 911 917 996 prima
939 919 1061 978 secutus
1083 919 1162 978 erat.
1208 913 1332 978 Atbata

181 1025 194 1065 s
212 1008 317 1067 autern
335 1023 405 1067 acm
422 1022 461 1066 en
476 1000 579 1067 Italia
597 1001 759 1082 profectus
773 1000 951 1065 mma
967 1003 1125 1082 qnondam
1144 1001 1330 1083 aduenisset,

212 1090 316 1172 msam
338 1089 456 1156 sociam
478 1089 541 1154 sibi
568 1088 729 1173 coaptauit,
759 1109 859 1171 aeque
881 1089 1054 1154 fflrstoans
1076 1110 1261 1154 consensum
1283 1090 1331 1155 de-

213 1177 364 1261 trectarit,
395 1199 465 1244 cum
492 1177 734 1244 concordissimi
763 1184 799 1242 ut
824 1184 917 1243 mont
940 1178 1073 1260 cotiique
1095 1177 1247 1244 subiectos
1269 1178 1331 1244 sibi

212 1267 346 1333 iambum
369 1273 603 1348 commutarent,
627 1266 694 1331 sive
707 1266 760 1332 bic
774 1266 839 1330 siae
856 1266 911 1331 itte
925 1267 1175 1332 desiderabatur.
1214 1267 1331 1332 Moria-

212 1355 307 1420 sterio
329 1354 485 1421 Bobiensi
506 1355 574 1419 iam
595 1354 775 1436 adscriptas
797 1354 967 1435 Bertutfns
990 1361 1163 1436 praecepta
1184 1354 1332 1438 mopistri

167 1467 194 1508 ιο
212 1451 277 1510 tam
299 1451 425 1509 stream
446 1443 604 1528 implebat,
627 1450 664 1507 ut
683 1450 807 1508 mortuo
821 1443 946 1509 Atbala
961 1450 1025 1508 tota
1047 1443 1247 1527 conprepotio
1263 1464 1331 1509 coa-

211 1554 307 1598 seusu
342 1533 498 1598 unanimo
532 1555 602 1598 eam
639 1532 676 1596 in
709 1539 880 1614 marnoa
914 1532 1101 1618 diqnitotem
1137 1532 1330 1612 sublimaret,

206 1621 408 1704 primumque
426 1643 464 1686 ea
479 1621 642 1686 occasione
657 1633 825 1686 concentus
839 1620 891 1685 ias
906 1621 1031 1686 obbatis
1045 1620 1183 1704 stipendi
1198 1620 1331 1686 tibernm

212 1710 388 1776 edormisse
415 1709 550 1774 uidetur.
596 1711 748 1774 Attamen
777 1709 902 1774 Probra
931 1709 1092 1792 episcopm
1121 1709 1332 1775 Dertoneasis

213 1799 353 1863 abbatem
377 1819 447 1864 eum
463 1798 655 1863 monasterio
673 1819 750 1863 suae
767 1797 984 1863 iurisdictioni
1004 1799 1136 1864 subdere
1153 1797 1330 1878 intendens,

167 1913 193 1952 is
212 1908 246 1952 eo
269 1886 400 1952 consitio
424 1887 545 1952 animos
570 1886 798 1971 pontificesque
819 1885 942 1951 viciuos
970 1886 1034 1950 sibi
1056 1886 1245 1967 oonmtiocit,
1270 1907 1332 1968 per

211 1997 289 2058 quos
318 1975 540 2040 Ariowaldum
568 1997 671 2057 repem
700 1975 987 2056 Lampobardornm
1021 1995 1132 2057 capere
1160 1976 1268 2055 oeltet;
1300 1975 1331 2039 is

212 2071 316 2130 autem
338 2063 409 2128 inre
427 2063 633 2130 ecclesiastico
650 2065 853 2144 probandam
867 2084 933 2128 esse
947 2084 1013 2127 aon
1029 2063 1201 2145 iqaorooit,
1224 2069 1330 2128 auum

211 2152 407 2218 monasterio
430 2154 544 2234 procat
567 2153 607 2216 ab
628 2151 760 2216 urbibus
782 2151 846 2216 sita
871 2151 1042 2233 episcopali
1064 2151 1205 2216 dominio
1227 2151 1330 2216 sabia-

212 2248 317 2306 cerent
338 2263 459 2322 annon,
483 2261 672 2322 causamque
687 2241 828 2305 abnuam
846 2239 1000 2322 ottinqere
1015 2240 1127 2306 notuit.
1161 2240 1332 2320 Bertutfns

167 2357 194 2396 20
212 2351 291 2412 mm,
315 2329 393 2411 qnid
414 2329 451 2394 in
473 2351 506 2394 se
528 2350 660 2411 suosque
681 2335 864 2410 moveretur,
889 2329 929 2394 ab
947 2329 1051 2394 antico
1066 2331 1202 2411 quodam
1218 2329 1332 2394 certior

211 2419 317 2498 foetus
346 2424 432 2498 esset,
464 2424 493 2482 et
520 2417 590 2502 ipse
619 2439 722 2500 repem
751 2417 902 2500 ambiens,
933 2420 978 2483 ud
1003 2417 1159 2484 indicium
1181 2418 1332 2501 synodale

212 2507 344 2572 reiectus
373 2514 427 2572 est.
474 2507 569 2572 Illud
597 2527 663 2572 aon
692 2506 762 2572 sine
784 2528 883 2572 causa
906 2507 1151 2589 perhorrescens
1174 2507 1260 2572 litem
1288 2508 1334 2572 ad

212 2597 315 2660 sedem
337 2595 540 2677 apostoticam
563 2595 688 2675 deferre
710 2595 844 2677 maluit,
876 2616 935 2660 ren
956 2617 1029 2661 uero
1058 2595 1203 2678 quamuis
1232 2602 1332 2661 sectae

212 2684 361 2749 Arianae
390 2683 514 2749 deditus
543 2690 629 2765 esset,
660 2690 765 2749 tamen
787 2683 951 2750 monacbis
973 2684 1077 2766 inopis
1106 2681 1202 2766 qnam
1224 2685 1331 2749 adaer-

166 2798 194 2839 π
212 2772 313 2838 soriis
327 2793 434 2837 eorum
449 2773 563 2852 faueas
577 2779 702 2854 sumptu
711 2772 839 2854 publico
854 2793 924 2838 eum
939 2793 1010 2838 cum
1025 2773 1181 2855 obsequiis
1195 2772 1332 2838 Romam

205 2862 444 2944 perducendum
473 2861 606 2926 curarit.
660 2861 828 2926 Honorias
855 2883 946 2943 papo
975 2861 1160 2927 enamiaata
1188 2861 1332 2944 reputari

212 2949 385 3032 discipline
407 2949 511 3031 apuam
534 2949 646 3015 cotidie
668 2950 865 3032 adhortatus,
895 2957 932 3014 ut
953 2957 1072 3032 pestem
1095 2951 1261 3016 Arianam
1283 2971 1332 3016 en·

212 3038 375 3120 tinqneret,
406 3040 533 3103 tandem
556 3038 765 3120 priuileqiam
794 3045 931 3120 optatum
955 3039 1330 3120 o.628,t.11.lanb',

212 3127 243 3191 ei
265 3126 401 3210 tarpitns
423 3133 476 3206 cst,
508 3147 568 3208 quo
590 3127 818 3192 monasterium
840 3126 1059 3192 iurisdietioni
1088 3127 1260 3210 episcopali
1283 3148 1332 3192 en·

167 3242 195 3283 so
212 3221 346 3297 emptam
383 3215 523 3280 dominio
554 3215 671 3298 papali
707 3215 857 3298 subdidit,
896 3215 1049 3299 episcopis
1082 3217 1130 3281 oet
1166 3215 1332 3281 introitum

211 3303 413 3385 interdicens,
444 3303 511 3369 nisi
541 3327 562 3368 a
585 3303 769 3386 praeposito
797 3303 925 3369 incitati
954 3305 999 3370 od
1019 3304 1190 3369 missorum
1214 3304 1332 3369 sollem-
1462 3329 1466 3335 ·

212 3392 343 3458 nitatem
373 3394 593 3458 celebrandam
622 3392 716 3458 asciti
745 3399 847 3458 essent
855 3395 877 3455 ².
929 3391 1067 3460 Fratres
1096 3395 1152 3459 sub
1181 3392 1332 3473 Bertuifo

212 3481 351 3546 colendis
365 3502 430 3546 non
445 3483 545 3546 sabran
561 3481 650 3563 apris
668 3483 724 3546 sed
737 3481 832 3547 etiam
847 3480 963 3547 vitibus
977 3482 1142 3562 vocabant,
1161 3481 1332 3565 vineaeque

211 3570 329 3652 saeptis
350 3570 493 3636 munitae
514 3591 599 3636 unus
621 3591 728 3635 eoram
750 3576 852 3636 mistos
871 3577 1005 3653 tempore
1027 3570 1206 3637 vindemiae
1229 3571 1332 3654 *prae
1350 3593 1426 3645 cass.

166 3685 193 3725 ss
206 3661 394 3739 ponebatur,
418 3680 458 3724 ne
480 3658 588 3724 nciam
603 3658 811 3725 bestiarumoe
825 3658 975 3725 incursus
990 3662 1142 3726 damam
1160 3659 1330 3740 inferrent.

213 3747 331 3828 Saepta
352 3753 457 3812 numm
485 3747 657 3829 quotannis
678 3747 847 3813 arboribus
869 3750 1036 3814 densam
1058 3755 1159 3831 nant,
1189 3749 1227 3815 in
1249 3751 1334 3831 quod

211 3835 369 3917 nepotiani
392 3836 634 3919 transipendnm
657 3843 699 3902 30
722 3836 871 3902 amnaobi
899 3837 990 3903 iussu
1018 3838 1144 3904 abbatis
1172 3839 1332 3920 quondam

210 3922 452 3990 incubueruat³.
476 3924 645 4004 Bertatfns
651 3932 821 4008 postquam
832 3926 979 3992 tredecim
990 3947 1094 3992 annos
1104 3926 1331 3992 mormsterium

208 4011 406 4096 pubernaoit,
429 4013 597 4092 defunctus
619 4020 664 4078 est
686 4035 711 4080 c.
736 4036 767 4078 a.
784 4019 859 4079 639.

165 4129 193 4168 ιο
325 4101 493 4167 Winiocus
520 4103 685 4186 presbyter
718 4123 757 4168 ea
783 4103 991 4184 paroecianis
1024 4105 1069 4168 od
1103 4102 1332 4169 Columbaaum

210 4189 407 4255 visitandum
429 4189 570 4255 Lemouii
591 4211 684 4272 saepe
706 4193 828 4268 aderm,
859 4191 924 4257 siae
946 4191 1011 4256 cim
1033 4190 1169 4270 artificii
1191 4191 1331 4257 admira·

212 4363 240 4430 1)
258 4364 287 4418 V.
308 4363 425 4418 Columb.
444 4363 485 4430 II,
500 4366 543 4419 23.
633 4364 662 4432 2)
687 4365 864 4430 Prioileqium
890 4365 929 4417 cd.
948 4365 978 4414 iu
995 4363 1193 4429 mamasac
1214 4379 1330 4418 morium

211 4435 307 4489 man.
327 4441 388 4488 mm.
408 4435 432 4499 I,
451 4435 499 4488 col.
512 4437 545 4501 5,·
563 4437 596 4499 cs.
616 4433 693 4500 Jafft
708 4451 753 4489 nr.
765 4437 836 4490 2017
846 4434 864 4488 ².
937 4433 964 4502 3)
984 4435 1015 4485 V.
1035 4433 1150 4488 Columb.
1169 4435 1211 4502 II,
1224 4437 1269 4491 25.
