3222 5032
444 466 570 537 Ionas
583 467 707 522 viras
726 465 954 522 GOLUMBANI
972 466 1081 522 LIBRI
1096 467 1136 524 H.
1315 474 1350 528 93

337 649 394 728 fol.
412 655 565 714 79—82.
591 651 627 714 V.
643 650 793 715 Eustasii
817 647 970 731 (praescr.
994 650 1125 734 Incipit
1143 652 1215 715 vita
1238 654 1350 717 sancti

230 739 382 802 Eustasii
406 739 543 804 abbatis
566 738 687 820 XXII)
710 741 826 820 absque
843 737 1051 822 praefatione
1072 739 1274 821 interpolata,

335 826 492 892 columine
511 828 546 908 V,
566 827 622 906 fol.
637 827 767 891 7-11‘,
788 828 824 890 V.
843 825 1030 892 Columbani
1045 847 1115 891 cura
1130 827 1274 910 epistula,
1295 829 1351 893 secl

228 914 307 993 folio
322 915 425 980 conso
440 937 560 998 mapna
575 916 671 981 huius
686 916 762 980 libri
775 936 857 997 pars
872 937 894 980 o
909 914 1012 980 uerbis
1030 911 1156 999 [dellier
1172 918 1239 981 hic.
1263 917 1347 982 Con-

195 1005 298 1069 scito
323 999 364 1082 (c.
386 1006 442 1087 17)
467 1007 512 1070 ad
533 1009 573 1069 ut
596 1026 730 1069 omnem
756 998 965 1090 pal[ginam]
995 1002 1036 1083 (c.
1054 1005 1113 1088 27)
1138 1004 1346 1070 desideratur.

334 1092 386 1157 De
409 1092 486 1158 locis
508 1093 672 1158 mnullr's
700 1093 874 1175 Guipnard
900 1091 1170 1159 bibliothecarium
1194 1093 1346 1175 consului,

227 1201 331 1246 senem
354 1184 554 1246 ocnuandac
577 1181 718 1247 canitiei.

27 1239 30 1376 l
336 1270 459 1353 *Aron
478 1269 582 1336 bocca
593 1270 931 1335 aeneasannos
944 1265 1129 1353 (nsanos),
1142 1269 1346 1336 socam.
1368 1285 1447 1335 ao.

26 1388 27 1396 κ
227 1357 284 1438 in,
319 1358 375 1437 fol.
401 1364 555 1440 52-55,
594 1359 631 1424 V.
662 1360 802 1424 Athalae
836 1359 973 1424 continet
1006 1354 1182 1442 (praesm
1216 1360 1346 1444 Incipit

182 1470 209 1508 ιο
226 1448 300 1510 vita
330 1449 442 1512 sancti
464 1449 587 1524 Attali,
619 1449 717 1513 ouius
747 1449 877 1512 festum
905 1447 1031 1512 colitur
1047 1448 1108 1511 VI.
1133 1449 1217 1512 Idus
1240 1446 1346 1530 Maii).

332 1535 446 1619 24203)
476 1534 581 1602 Oodcu
603 1536 869 1601 Parisiensis
897 1558 929 1600 u.
947 1542 1032 1600 5297
1059 1533 1163 1614 (Oolb.
1181 1542 1256 1618 512,
1288 1537 1347 1602 Re·

225 1622 298 1705 pius
321 1625 436 1716 35393),
461 1646 541 1690 socc.
561 1625 672 1706 XIII,
696 1625 772 1689 olim
794 1625 1133 1705 Fulcardimontensis,
1156 1625 1346 1704 fol.164-

229 1718 301 1776 166.
313 1712 350 1776 V.
359 1713 508 1778 Baetasii
519 1714 656 1778 continet
668 1709 835 1795 (prossus
846 1714 976 1798 Incipit
988 1714 1059 1778 vita
1071 1715 1182 1778 sancti
1195 1707 1347 1778 Eustasii

226 1801 372 1880 abbatis,
397 1803 495 1867 cuius
517 1804 686 1867 transitus
710 1804 836 1867 colitur
859 1806 981 1886 quarto
1006 1803 1063 1866 Kl.
1083 1803 1213 1887 Aprilis
1232 1801 1346 1883 XXX)

182 1911 208 1950 15
226 1889 364 1954 medians
382 1889 468 1954 inter
486 1890 649 1972 utriusque
665 1891 826 1956 Iohannis
848 1897 878 1954 et
899 1889 1047 1955 eremitae
1069 1897 1098 1955 et
1118 1889 1346 1972 Chrysastomi.

333 1978 450 2063 ΑΜ)
495 1979 599 2045 Cochen
636 1979 1031 2060 Montepessnlanus
1068 1978 1110 2042 H
1138 1999 1170 2042 n.
1197 1985 1225 2058 1,
1263 1999 1345 2044 saec.

229 2065 341 2148 XIII.
357 2066 414 2148 in,
439 2067 657 2148 lependariurn
679 2089 830 2149 maynunr
854 2067 888 2132 S.
904 2065 1040 2131 Mariae
1067 2066 1344 2147 Oloraeoallcnsis,

226 2156 342 2236 toral,
366 2156 423 2235 fol.
444 2162 633 2237 133—144,
658 2157 695 2220 V.
717 2155 1043 2221 Columbauilibrum
1061 2155 1092 2218 Ι.
1116 2154 1232 2236 absque
1253 2155 1345 2220 later-

226 2244 294 2308 culo
316 2251 346 2309 et
362 2245 673 2329 praescriptionibus
695 2244 842 2326 capituon,
870 2243 1124 2326 subsequentibus
1146 2243 1345 2308 Miraculis1

180 2353 207 2392 so
227 2328 339 2414 (incip
364 2334 495 2418 Incipit
519 2336 691 2418 praefatio
714 2335 751 2398 in
775 2334 950 2398 miraculis
973 2333 1136 2398 eiusdem.
1180 2332 1254 2412 Qus
1278 2333 1345 2398 Do·

225 2423 338 2486 minus
353 2426 472 2488 noster
483 2445 544 2508 per
556 2421 699 2506 merita),
717 2429 788 2486 tom.
809 2423 845 2504 V,
861 2422 918 2502 fol.
934 2426 1125 2502 rso-184,
1146 2421 1183 2486 V.
1195 2421 1345 2486 Eustasii

225 2515 341 2574 tenum
363 2511 502 2576 continet
522 2518 615 2576 notae
632 2511 803 2591 inferioris
817 2531 916 2592 neque
930 2531 1003 2576 cero
1020 2510 1226 2592 praefatione
1248 2509 1344 2575 inter-

216 2599 330 2678 polata
344 2606 479 2681 auctura,
496 2600 548 2665 cui
563 2601 676 2666 lemma
685 2600 920 2682 praescriptum
935 2606 982 2664 est
994 2599 1087 2680 idern,
1104 2600 1187 2680 quoa
1200 2599 1238 2662 iu
1250 2599 1283 2662 A
1292 2600 1345 2664 2c⁸

223 2686 346 2768 lepitur,
374 2687 455 2753 Dies
466 2688 673 2772 depositionis
684 2689 780 2754 huius
790 2688 895 2754 sancti
905 2689 1010 2768 falsus
1020 2689 1111 2752 IIII.
1122 2689 1201 2752 Kal.
1213 2689 1345 2772 Aprilis

177 2796 204 2835 ss
216 2796 280 2856 pro
302 2776 402 2840 IIII.
427 2777 514 2841 Non.
538 2777 620 2859 Apr.
644 2784 680 2842 ut
694 2776 946 2860 praescriptioni
967 2777 1106 2859 irrepsit,
1130 2776 1179 2841 ito
1201 2776 1237 2841 in
1260 2777 1344 2841 calce

217 2870 291 2944 post
307 2866 419 2929 cerba·
442 2887 520 2930 oum
538 2868 703 2932 victoriae
723 2887 807 2951 pace
827 2863 896 2947 (H,
917 2872 956 2929 10
972 2865 1038 2942 eor.)
1056 2865 1265 2946 interpolatus
1287 2871 1342 2930 est.

327 2953 361 3017 A
374 2952 467 3037 2c⁴⁸)
493 2952 598 3019 Ocalea
617 2955 834 3020 Trcccnsis
856 2976 889 3019 n.
909 2962 936 3034 1,
960 2974 1042 3018 saec.
1061 2953 1172 3018 XIII.
1188 2953 1244 3034 iu,
1267 2953 1343 3018 alirn

222 3040 256 3105 S.
280 3041 416 3106 Mariae
444 3040 720 3124 Claraeoallensis‚
750 3043 869 3108 scilicet
897 3041 1075 3123 lependarii
1097 3041 1187 3106 illius
1215 3043 1252 3106 de
1281 3063 1342 3123 quo

220 3131 310 3194 modo
340 3130 390 3212 epi
419 3138 519 3196 tomus
542 3132 638 3212 111²,
663 3133 699 3196 V.
723 3131 863 3196 Athaloe
886 3129 1030 3209 contina,
1053 3129 1230 3210 incipiens:
1253 3130 1341 3194 Cum

177 3238 201 3277 so
221 3238 302 3302 ergo
327 3221 531 3285 venerabilis
555 3220 724 3285 Columba
748 3216 816 3300 (II,
836 3218 881 3299 1).

326 3307 439 3372 Etiam
455 3315 568 3374 auctor
584 3308 696 3391 mapui
714 3307 891 3389 lependarii
906 3304 1131 3388 francopollici
1149 3326 1229 3370 saec·
1248 3305 1339 3370 XII.

220 3395 396 3477 comsit,
429 3397 520 3462 cuius
549 3396 747 3481 eaemplaria
776 3396 938 3476 conpara
959 3401 1016 3460 aut
1037 3393 1183 3476 perfecta
1206 3400 1263 3458 aut
1283 3393 1339 3458 irn-

213 3485 766 3639 thlththttpttbthi
788 3481 1239 3638 tntilli-obibitis
1258 3482 1340 3638 Il}

176 3662 327 3724 academ
360 3668 452 3742 atque
486 3662 587 3728 codici
616 3597 828 3742 Ahainsint
864 3623 995 3742 nurui
1024 3668 1090 3726 tota
1118 3661 1255 3728 matoria
1285 3681 1341 3727 sen

219 3749 429 3815 columinibus
451 3750 605 3832 disposita
627 3751 678 3834 sit,
708 3751 962 3818 Coluorbaniana
979 3751 1036 3816 hoc
1054 3750 1166 3815 ordine
1183 3771 1249 3816 sese
1271 3752 1339 3815 sub·

219 3844 400 3916 sequuntur.
736 3867 743 3880 ·

328 3927 444 3995 nouus
458 3928 512 3992 ΙΙ.
536 3950 657 3994 memes
675 3928 891 3994 Februarium
909 3934 938 3993 et
955 3927 1118 3994 Martium
1140 3928 1339 4009 comprehen-

218 4014 294 4078 dens
317 4013 423 4078 Vitam
445 4015 595 4082 Eustasii
624 4014 692 4099 (II,
711 4017 837 4098 7-10)
868 4018 984 4099 absque
1008 4016 1214 4098 praefatione
1242 4015 1337 4079 inter·

126 4181 129 4190 ¹
174 4121 200 4160 so
212 4103 324 4254 Iboham
346 4103 484 4203 mediam
511 4105 635 4204 eabba
660 4106 746 4171 inter
759 4105 862 4235 siim?
885 4105 1046 4204 lobannis
1075 4110 1105 4168 et
1125 4103 1279 4202 ¹erornitue
1308 4109 1337 4167 et

217 4195 706 4360 sahiiimhhhhqllhl
716 4200 756 4347 b
776 4304 811 4347 ω
833 4214 890 4363 {h
904 4192 1340 4346 immitit

218 4469 244 4534 l)
272 4469 436 4522 Bibliotheca
461 4472 583 4539 haphpr.
601 4473 650 4526 lot.
669 4490 697 4528 n.
711 4475 787 4528 1904.
865 4473 892 4539 2)
921 4472 963 4537 Of.
981 4469 1133 4532 ‘Catoloouo
1155 4466 1268 4535 plnlrol
1290 4472 1338 4523 des

216 4554 279 4594 mss.
298 4541 342 4593 aas
360 4541 418 4596 bibl.
433 4544 510 4608 pirbl.
530 4545 575 4596 des
592 4541 803 4609 dlpartcmcnts’,
823 4547 884 4596 tona
903 4541 940 4593 ΙΙ
954 4543 1048 4610 (scr-ier·
1062 4541 1190 4606 prioris),
1205 4557 1235 4608 p.
1249 4543 1275 4597 δ.
