3222 5030
431 473 692 542 100100,οΙοω
712 473 941 530 ooesmmm
958 473 1067 529 mem
1083 474 1124 532 11.
1303 479 1337 536 21
1419 441 1421 446 ’

217 657 359 724 Penuice
403 657 511 736 (1100110
549 658 603 722 M.
640 656 784 740 Penios).
816 658 861 722 ad
896 657 1110 739 possessiones
1151 657 1338 724 monasterii

217 749 341 812 sedente
362 745 549 812 Columbani
564 766 738 812 successore
753 745 892 827 accessit,
909 767 1037 827 eamque
1052 747 1265 825 Adotuatdus
1280 767 1338 812 ren

218 835 336 901 orandi
354 857 452 901 causa
471 834 611 900 Bobium
627 834 793 918 profectus
815 840 928 916 rapoto
948 834 1184 900 Theudctindue
1206 834 1337 917 repinae

218 927 299 990 dono
323 924 430 1005 dedit,·
456 923 529 1005 ipsa
559 923 643 988 enim
674 945 744 988 eam
773 943 881 988 amore
911 923 1016 988 sancti
1045 923 1120 988 otim
1151 926 1338 989 ascenderat

185 1015 262 1082 sod
294 1013 521 1078 monasterinm
548 1011 814 1096 praevidendum.
871 1012 990 1078 Omma
1024 1012 1157 1094 denique
1187 1013 1337 1092 Bertutfo

218 1102 309 1167 tertio
343 1101 451 1168 abbati
486 1103 525 1168 ab
556 1103 661 1166 eodem
691 1121 762 1183 repe
784 1101 885 1182 paulo
915 1107 989 1167 ante
1017 1107 1147 1166 mortem
1175 1100 1280 1185 ipsius
1309 1107 1339 1166 01

210 1197 287 1276 post
316 1190 496 1258 Sandrarit
528 1190 710 1269 defunctum
740 1191 931 1276 confirmata
959 1196 1043 1254 sunt.
1101 1191 1178 1256 Tres
1208 1191 1337 1256 chartae

217 1282 262 1345 ad
283 1301 341 1346 nos
355 1301 421 1345 non
437 1284 654 1364 peruenerunt
668 1277 735 1344 nisi
751 1300 813 1362 per
828 1279 1019 1362 apoproptea
1033 1279 1129 1344 mutto
1146 1278 1335 1360 posteriora,

217 1369 254 1434 in
287 1369 401 1451 quibus
434 1375 527 1434 notae
561 1367 709 1450 temporis
743 1373 799 1432 aut
833 1369 1023 1450 depravatae
1054 1374 1111 1432 aut
1140 1391 1162 1433 a
1191 1367 1337 1433 librariis

172 1485 200 1526 1o
217 1457 444 1524 recentioribus
477 1457 661 1522 immutatae
695 1463 785 1536 sunt,
821 1463 913 1538 atque
940 1463 1073 1538 propter
1101 1457 1179 1521 10000
1209 1456 1337 1537 otiaque

217 1547 315 1612 dubia
343 1546 381 1610 in
409 1545 618 1628 suspicionem
650 1546 725 1610 otim
754 1551 915 1625 uenerant,
951 1546 1048 1610 donee
1076 1544 1193 1610 oinden
1227 1566 1335 1610 eorum

216 1635 357 1700 surrexit
365 1636 386 1700 1.
1333 1708 1339 1717 ι

328 1740 534 1808 &hlotharius
555 1762 613 1806 ren
633 1747 797 1823 postquam
820 1740 1023 1822 prophetiam
1052 1741 1157 1806 sancti
1178 1740 1251 1805 ¹oiri
1279 1741 1336 1804 im-

209 1832 332 1916 pletam
365 1851 431 1896 esse
459 1829 622 1911 inteltenit,
656 1836 693 1894 ut
720 1851 790 1894 eum
819 1836 1029 1913 recuperaret,
1064 1829 1251 1894 Eustasium
1280 1828 1337 1910 qui

171 1919 443 1987 memonasterium
466 1919 665 1984 Lunooicnse
687 1917 754 1982 iam
774 1919 1017 2002 pubernandum
1040 1925 1218 1998 susceperat
1244 1917 1335 2001 otios-

217 2030 276 2091 000
299 2009 415 2090 tepatos
437 2007 610 2090 sumptibus
626 2007 766 2090 publicis
787 2013 862 2088 post
883 2029 952 2071 enm
975 2006 1072 2071 misit.
1124 2005 1336 2072 Columbanus

211 2096 504 2180 pereprinotionem
532 2118 624 2168 suam
653 2095 719 2160 iam
749 2096 817 2176 fere
847 2095 1042 2160 concluserat
1070 2095 1216 2176 unitoque
1244 2095 1335 2159 modo
1437 2109 1439 2113 ·

217 2188 407 2252 adtentum
429 2185 491 2250 iter
513 2185 697 2265 faciendum
720 2183 905 2250 commoveri
928 2190 1063 2265 poterat,
1087 2185 1143 2250 sed
1170 2183 1208 2248 id
1234 2183 1336 2247 sotum

218 2298 239 2340 a
262 2295 333 2357 repe
350 2273 501 2356 poposcit,
525 2280 560 2338 ut
582 2273 682 2339 socios
704 2271 845 2338 Luuooii
867 2272 991 2338 relictos
1020 2272 1057 2337 in
1086 2294 1179 2338 suam
1208 2273 1335 2338 tutelam

171 2392 200 2430 20
218 2364 378 2445 reciperet.
429 2361 491 2444 Qui
518 2363 589 2427 11001
617 2385 637 2426 0
668 2368 776 2428 sancto
805 2361 875 2426 oiro
899 2382 961 2443 per
990 2361 1113 2427 litteras
1142 2362 1336 2426 uehementer

219 2451 391 2534 oostipatns
414 2457 500 2532 esset,
525 2457 629 2516 tarnen
651 2472 831 2533 supremam
854 2449 957 2533 ipsius
985 2451 1175 2516 uoluntatem
1204 2449 1334 2532 111110000-
1359 2469 1362 2476 ’

218 2541 338 2606 tissime
364 2547 508 2606 enecatus
530 2539 746 2605 Lnnooienses
776 2547 805 2605 et
834 2539 954 2605 annuis
983 2540 1125 2605 0000011000
1155 2539 1278 2604 ditabat
1307 2545 1337 2604 et

218 2629 363 2695 dilatatis
385 2629 532 2694 terminis
554 2629 700 2710 omnique
722 2635 836 2694 conatu
858 2627 939 2711 ipsis
961 2627 1119 2694 auritium
1137 2626 1334 2710 procidebat,

217 2720 265 2784 ita
299 2725 334 2783 ut
363 2717 550 2783 monasterii
583 2717 666 2800 repii
696 2717 865 2802 prioitepio
893 2717 960 2783 iam
990 2718 1185 2797 fruerentur.
1238 2717 1336 2781 Anno

171 2834 199 2875 ss
218 2815 321 2874 autem
337 2813 498 2872 trausacto
513 2805 551 2871 in
565 2806 756 2872 monasterio
771 2805 926 2872 Bobiensi
942 2806 1155 2872 Octumbanus
1170 2805 1336 2885 defunctus

179 2923 182 2926 ·
218 2903 271 2979 est,
297 2896 415 2962 scilicet
440 2919 471 2961 a.
497 2901 571 2959 615.
598 2917 632 2977 p.
662 2893 747 2976 Onu,
779 2895 830 2960 die
861 2902 914 2959 23.
939 2895 1135 2960 Nouembris.
1182 2895 1336 2976 Euptetus

218 2985 301 3052 anni
335 2985 487 3065 circulus,
524 2984 614 3050 cuius
648 2984 750 3050 Ionos
783 2983 927 3049 meminit
936 2987 956 3064 ²,
991 2984 1057 3049 sire
1091 3007 1112 3049 a
1145 2982 1337 3048 monasterio

217 3074 373 3162 Bobiensi
389 3073 513 3139 condito
529 3094 583 3138 seu
600 3073 710 3155 potius
725 3096 746 3138 a
769 3073 922 3155 tepatione
943 3071 1125 3137 0110110011
1146 3072 1232 3154 repis
1254 3071 1337 3138 00111-

216 3163 338 3246 pendas
361 3169 414 3244 est,
445 3183 476 3226 a.
502 3168 576 3226 614.
607 3161 812 3244 interpositus
834 3161 935 3242 fuisse
964 3161 1107 3241 uidetur,·
1136 3160 1204 3224 dies
1233 3167 1337 3224 autem

171 3279 201 3319 so
218 3252 394 3318 testimonio
424 3257 454 3317 et
475 3251 576 3315 Ionae
605 3257 635 3315 et
657 3247 888 3332 Martprotopii
914 3248 1167 3331 Hieronpmr'ani
1196 3247 1337 3313 auctoris

218 3340 363 3422 aequatis
385 3342 593 3420 confirmatus
615 3341 690 3404 est⁸.
736 3338 818 3404 Dies
845 3337 1028 3403 emortualis
1057 3360 1088 3402 a.
1114 3342 1200 3422 615.
1218 3335 1256 3400 in
1286 3337 1337 3401 do·

218 3430 372 3495 minioum
405 3428 529 3510 incidit,
564 3427 602 3492 id
633 3430 717 3509 quod
749 3449 815 3492 non
848 3426 932 3509 fupit
964 3425 1148 3507 Wettinum,
1180 3426 1217 3492 V.
1236 3424 1338 3490 ,caru

219 3541 245 3585 c.
262 3525 314 3584 26.
356 3519 493 3583 Sanctus
515 3523 687 3582 entremam
709 3516 777 3595 fere
799 3522 931 3581 aetatem
954 3515 1068 3598 attipit,
1085 3536 1180 3597 quam
1196 3514 1338 3580 homiues

219 3611 328 3690 depere
350 3607 407 3686 fos
428 3612 482 3671 cst.
522 3605 714 3687 Pereprinos
736 3605 809 3670 ittos
832 3606 952 3670 Scottos
974 3610 1075 3669 aetate
1090 3604 1158 3668 iam
1174 3609 1338 3686 procedes

172 3721 201 3762 ss
212 3696 328 3779 patria
350 3695 462 3761 relicta
488 3694 525 3759 in
554 3693 682 3760 Gallias
711 3693 876 3772 edocuisse
905 3693 981 3758 inde
1010 3693 1116 3776 coltipi
1145 3692 1225 3775 ticet,
1256 3691 1340 3774 quod

218 3784 381 3851 duodecim
404 3783 503 3849 annis
518 3790 600 3866 post,
625 3783 744 3849 seilicet
765 3805 795 3848 a.
814 3789 887 3864 603,
911 3781 1053 3847 ueterani
1072 3803 1220 3864 senesque
1235 3787 1336 3864 erant,

218 3874 300 3939 sieut
320 3893 420 3955 supra
443 3871 592 3953 diotimus,
616 3872 796 3954 fratresque
819 3874 920 3938 decem
937 3877 966 3936 et
980 3877 1094 3952 septem
1111 3870 1176 3934 iam
1192 3870 1340 3952 tupebant

219 3964 392 4044 defunctos.
454 3961 604 4026 Versibus
640 3961 782 4026 Adoniis
819 3982 896 4043 quos
929 3959 1059 4025 Fidotio
1097 3959 1199 4038 fratri
1236 3959 1339 4024 mutui

219 4051 323 4132 oflicii
353 4071 452 4116 causa
480 4049 694 4115 Columbanus
721 4050 811 4116 misit
838 4049 944 4133 oipore
974 4047 1078 4112 animi
1108 4048 1176 4127 scre
1204 4047 1339 4112 iuuenili

171 4165 201 4204 00
219 4139 406 4222 conscriptis
429 4138 486 4204 teos
509 4137 896 4205 0011010011110000000010004.Ι

219 4315 246 4382 1)
269 4314 365 4366 Etiam
382 4314 512 4366 sermome
530 4313 638 4378 antiqui
654 4316 764 4380 00011010
782 4314 870 4366 adhuc
887 4317 1049 4380 supersunt:
1072 4308 1242 4372 Mediolanio
1268 4315 1340 4377 (cum

218 4386 310 4451 Imm),
335 4383 455 4437 Atslene
479 4383 544 4447 dat,
570 4399 739 4450 mereamus,
768 4382 922 4438 valeamini.
1011 4383 1040 4443 2)
1065 4381 1096 4435 V.
1117 4380 1231 4436 00100001.
1251 4382 1275 4446 Ι,
1295 4384 1340 4438 30.

218 4459 247 4524 3)
267 4457 308 4522 Of.
322 4455 364 4509 (Ν.
379 4453 471 4506 Aren!
484 4453 548 4517 XX,
562 4456 675 4520 003381
692 4455 800 4523 XXIV,
816 4471 848 4522 p.
860 4457 921 4509 314.
975 4455 1004 4520 4)
1021 4451 1084 4506 MG.
1098 4452 1150 4518 Ep.
1164 4452 1219 4518 III,
1234 4471 1264 4521 p.
1279 4455 1339 4509 188.
