<?xml version="1.0" encoding="UTF-8"?>
<!DOCTYPE html PUBLIC "-//W3C//DTD XHTML 1.0 Transitional//EN"
    "http://www.w3.org/TR/xhtml1/DTD/xhtml1-transitional.dtd">
<html xmlns="http://www.w3.org/1999/xhtml" xml:lang="en" lang="en">
 <head>
  <title>
</title>
<meta http-equiv="Content-Type" content="text/html;charset=utf-8" />
  <meta name='ocr-system' content='tesseract 3.04.00' />
  <meta name='ocr-capabilities' content='ocr_page ocr_carea ocr_par ocr_line ocrx_word'/>
</head>
<body>
  <div class='ocr_page' id='page_1' title='image "./ionaevitaesanct00krusgoog_0040.png"; bbox 0 0 3222 5030; ppageno 0'>
   <div class='ocr_carea' id='block_1_1' title="bbox 293 472 1199 544">
    <p class='ocr_par' dir='ltr' id='par_1_1' title="bbox 293 472 1199 544">
     <span class='ocr_line' id='line_1_1' title="bbox 293 472 1199 544; baseline 0 -10"><span class='ocrx_word' id='word_1_1' title='bbox 293 479 330 534; x_wconf 59' lang='grc' dir='ltr'><em>Μ</em></span> <span class='ocrx_word' id='word_1_2' title='bbox 506 472 632 544; x_wconf 79' lang='lat' dir='ltr'><em>IONAS,</em></span> <span class='ocrx_word' id='word_1_3' title='bbox 646 475 768 531; x_wconf 76' lang='lat' dir='ltr'><strong>VITAE</strong></span> <span class='ocrx_word' id='word_1_4' title='bbox 787 475 1016 533; x_wconf 83' lang='lat' dir='ltr'><strong>OOLUMBANI</strong></span> <span class='ocrx_word' id='word_1_5' title='bbox 1034 475 1143 532; x_wconf 84' lang='lat' dir='ltr'>LIBRI</span> <span class='ocrx_word' id='word_1_6' title='bbox 1159 477 1199 535; x_wconf 86' lang='grc' dir='ltr'><em>Π.</em></span> 
     </span>
    </p>
   </div>
   <div class='ocr_carea' id='block_1_2' title="bbox 198 657 1465 3672">
    <p class='ocr_par' dir='ltr' id='par_1_2' title="bbox 198 657 1465 3672">
     <span class='ocr_line' id='line_1_2' title="bbox 293 657 1412 744; baseline 0.002 -20"><span class='ocrx_word' id='word_1_7' title='bbox 293 657 419 724; x_wconf 87' lang='lat' dir='ltr'><em>liebent</em></span> <span class='ocrx_word' id='word_1_8' title='bbox 450 665 507 724; x_wconf 93' lang='lat' dir='ltr'><em>aut</em></span> <span class='ocrx_word' id='word_1_9' title='bbox 539 661 734 741; x_wconf 84' lang='lat' dir='ltr'><em>curvabant,·</em></span> <span class='ocrx_word' id='word_1_10' title='bbox 766 666 892 741; x_wconf 88' lang='lat' dir='ltr'><em>accepta</em></span> <span class='ocrx_word' id='word_1_11' title='bbox 926 660 1138 726; x_wconf 88' lang='lat' dir='ltr'><em>benedictione</em></span> <span class='ocrx_word' id='word_1_12' title='bbox 1167 683 1199 726; x_wconf 90' lang='lat' dir='ltr'><em>se</em></span> <span class='ocrx_word' id='word_1_13' title='bbox 1231 660 1412 744; x_wconf 77' lang='lat' dir='ltr'><em>sipnebant.</em></span> 
     </span>
     <span class='ocr_line' id='line_1_3' title="bbox 198 747 1414 832; baseline 0.003 -21"><span class='ocrx_word' id='word_1_14' title='bbox 198 747 665 821; x_wconf 72' lang='lat' dir='ltr'><em>·,‚.1s.Hnntttanoenane&#39;n</em></span> <span class='ocrx_word' id='word_1_15' title='bbox 688 768 782 814; x_wconf 83' lang='lat' dir='ltr'><em>crcrsu</em></span> <span class='ocrx_word' id='word_1_16' title='bbox 800 754 873 829; x_wconf 87' lang='lat' dir='ltr'><em>post</em></span> <span class='ocrx_word' id='word_1_17' title='bbox 894 750 992 828; x_wconf 76' lang='lat' dir='ltr'><em>finem</em></span> <span class='ocrx_word' id='word_1_18' title='bbox 1016 749 1275 832; x_wconf 76' lang='lat' dir='ltr'><em>&#39;uniuscuiusque</em></span> <span class='ocrx_word' id='word_1_19' title='bbox 1291 750 1414 832; x_wconf 87' lang='lat' dir='ltr'><em>psetmi</em></span> 
     </span>
     <span class='ocr_line' id='line_1_4' title="bbox 291 835 1412 920; baseline 0.001 -18"><span class='ocrx_word' id='word_1_20' title='bbox 291 835 443 916; x_wconf 72' lang='lat' dir='ltr'><em>&#39;facienda</em></span> <span class='ocrx_word' id='word_1_21' title='bbox 472 843 561 917; x_wconf 85' lang='lat' dir='ltr'><em>erat,·</em></span> <span class='ocrx_word' id='word_1_22' title='bbox 594 836 700 917; x_wconf 71' lang='lat' dir='ltr'><em>finitis</em></span> <span class='ocrx_word' id='word_1_23' title='bbox 725 837 861 918; x_wconf 87' lang='lat' dir='ltr'><em>psalmis</em></span> <span class='ocrx_word' id='word_1_24' title='bbox 889 838 1034 904; x_wconf 87' lang='lat' dir='ltr'><em>omnibus</em></span> <span class='ocrx_word' id='word_1_25' title='bbox 1060 859 1166 920; x_wconf 81' lang='lat' dir='ltr'><em>penna</em></span> <span class='ocrx_word' id='word_1_26' title='bbox 1195 840 1412 918; x_wconf 77' lang='lat' dir='ltr'><em>flectebantur.</em></span> 
     </span>
     <span class='ocr_line' id='line_1_5' title="bbox 295 925 1413 1008; baseline 0.002 -18"><span class='ocrx_word' id='word_1_27' title='bbox 295 925 421 990; x_wconf 83' lang='lat' dir='ltr'><em>Tussim</em></span> <span class='ocrx_word' id='word_1_28' title='bbox 437 925 475 990; x_wconf 94' lang='lat' dir='ltr'><em>in</em></span> <span class='ocrx_word' id='word_1_29' title='bbox 490 925 619 990; x_wconf 82' lang='lat' dir='ltr'><em>ceordic</em></span> <span class='ocrx_word' id='word_1_30' title='bbox 631 925 753 1007; x_wconf 85' lang='lat' dir='ltr'><em>psalmi</em></span> <span class='ocrx_word' id='word_1_31' title='bbox 768 925 930 992; x_wconf 90' lang='lat' dir='ltr'><em>evitabant</em></span> <span class='ocrx_word' id='word_1_32' title='bbox 945 929 1020 992; x_wconf 90' lang='lat' dir='ltr'><em>bene</em></span> <span class='ocrx_word' id='word_1_33' title='bbox 1036 934 1207 992; x_wconf 88' lang='lat' dir='ltr'><em>contantes.</em></span> <span class='ocrx_word' id='word_1_34' title='bbox 1249 927 1413 1008; x_wconf 65' lang='lat' dir='ltr'><em>Sacrificii</em></span> 
     </span>
     <span class='ocr_line' id='line_1_6' title="bbox 291 1013 1445 1084; baseline 0.004 -5"><span class='ocrx_word' id='word_1_35' title='bbox 291 1017 368 1080; x_wconf 94' lang='lat' dir='ltr'><em>ordo</em></span> <span class='ocrx_word' id='word_1_36' title='bbox 383 1013 560 1078; x_wconf 89' lang='lat' dir='ltr'><em>omnimodo</em></span> <span class='ocrx_word' id='word_1_37' title='bbox 576 1013 797 1080; x_wconf 89' lang='lat' dir='ltr'><em>custodiendus</em></span> <span class='ocrx_word' id='word_1_38' title='bbox 811 1021 890 1080; x_wconf 93' lang='lat' dir='ltr'><em>erat.</em></span> <span class='ocrx_word' id='word_1_39' title='bbox 929 1015 1066 1082; x_wconf 79' lang='lat' dir='ltr'><em>Calicem</em></span> <span class='ocrx_word' id='word_1_40' title='bbox 1081 1017 1253 1081; x_wconf 88' lang='lat' dir='ltr'><em>solutorem</em></span> <span class='ocrx_word' id='word_1_41' title='bbox 1268 1017 1413 1082; x_wconf 86' lang='lat' dir='ltr'><em>dentibus</em></span> <span class='ocrx_word' id='word_1_42' title='bbox 1430 1041 1445 1084; x_wconf 81' lang='lat' dir='ltr'><em>s</em></span> 
     </span>
     <span class='ocr_line' id='line_1_7' title="bbox 291 1103 1413 1188; baseline 0.002 -20"><span class='ocrx_word' id='word_1_43' title='bbox 291 1124 357 1168; x_wconf 95' lang='lat' dir='ltr'><em>non</em></span> <span class='ocrx_word' id='word_1_44' title='bbox 373 1103 609 1184; x_wconf 74' lang='lat' dir='ltr'><em>pertendebant</em></span> <span class='ocrx_word' id='word_1_45' title='bbox 630 1122 728 1184; x_wconf 79' lang='lat' dir='ltr'><em>neque</em></span> <span class='ocrx_word' id='word_1_46' title='bbox 743 1103 884 1185; x_wconf 79' lang='lat' dir='ltr'><em>eutopias</em></span> <span class='ocrx_word' id='word_1_47' title='bbox 902 1104 1059 1169; x_wconf 87' lang='lat' dir='ltr'><em>immundi</em></span> <span class='ocrx_word' id='word_1_48' title='bbox 1075 1105 1292 1188; x_wconf 72' lang='lat' dir='ltr'><em>accipiebant,</em></span> <span class='ocrx_word' id='word_1_49' title='bbox 1315 1105 1413 1170; x_wconf 87' lang='lat' dir='ltr'><em>anvie</em></span> 
     </span>
     <span class='ocr_line' id='line_1_8' title="bbox 291 1191 1413 1276; baseline 0.002 -20"><span class='ocrx_word' id='word_1_50' title='bbox 291 1193 451 1272; x_wconf 88' lang='lat' dir='ltr'><em>cavebant,</em></span> <span class='ocrx_word' id='word_1_51' title='bbox 486 1213 527 1256; x_wconf 92' lang='lat' dir='ltr'><em>ne</em></span> <span class='ocrx_word' id='word_1_52' title='bbox 561 1191 713 1256; x_wconf 73' lang='lat' dir='ltr'><em>chatenet</em></span> <span class='ocrx_word' id='word_1_53' title='bbox 742 1193 875 1273; x_wconf 88' lang='lat' dir='ltr'><em>caderet,</em></span> <span class='ocrx_word' id='word_1_54' title='bbox 910 1193 1028 1258; x_wconf 90' lang='lat' dir='ltr'><em>seilicet</em></span> <span class='ocrx_word' id='word_1_55' title='bbox 1063 1215 1120 1258; x_wconf 91' lang='lat' dir='ltr'><em>ves</em></span> <span class='ocrx_word' id='word_1_56' title='bbox 1156 1194 1244 1275; x_wconf 91' lang='lat' dir='ltr'><em>illud,</em></span> <span class='ocrx_word' id='word_1_57' title='bbox 1279 1194 1316 1259; x_wconf 92' lang='lat' dir='ltr'><em>in</em></span> <span class='ocrx_word' id='word_1_58' title='bbox 1352 1215 1413 1276; x_wconf 78' lang='lat' dir='ltr'><em>quo</em></span> 
     </span>
     <span class='ocr_line' id='line_1_9' title="bbox 291 1279 1412 1363; baseline 0.004 -19"><span class='ocrx_word' id='word_1_59' title='bbox 291 1279 408 1361; x_wconf 87' lang='lat' dir='ltr'><em>species</em></span> <span class='ocrx_word' id='word_1_60' title='bbox 436 1286 635 1345; x_wconf 90' lang='lat' dir='ltr'><em>consecratos</em></span> <span class='ocrx_word' id='word_1_61' title='bbox 663 1280 812 1346; x_wconf 88' lang='lat' dir='ltr'><em>monecbi</em></span> <span class='ocrx_word' id='word_1_62' title='bbox 834 1281 1106 1363; x_wconf 88' lang='lat' dir='ltr'><em>circumferebant,</em></span> <span class='ocrx_word' id='word_1_63' title='bbox 1138 1304 1213 1348; x_wconf 90' lang='lat' dir='ltr'><em>neve</em></span> <span class='ocrx_word' id='word_1_64' title='bbox 1243 1282 1412 1348; x_wconf 88' lang='lat' dir='ltr'><em>oblationis</em></span> 
     </span>
     <span class='ocr_line' id='line_1_10' title="bbox 291 1367 1412 1448; baseline 0.002 -14"><span class='ocrx_word' id='word_1_65' title='bbox 291 1367 466 1448; x_wconf 85' lang='lat' dir='ltr'><em>faciundae</em></span> <span class='ocrx_word' id='word_1_66' title='bbox 504 1375 578 1434; x_wconf 92' lang='lat' dir='ltr'><em>ante</em></span> <span class='ocrx_word' id='word_1_67' title='bbox 622 1368 766 1448; x_wconf 74' lang='lat' dir='ltr'><em>officium</em></span> <span class='ocrx_word' id='word_1_68' title='bbox 804 1369 1071 1436; x_wconf 75' lang='lat' dir='ltr'><em>obliviscerentur.</em></span> <span class='ocrx_word' id='word_1_69' title='bbox 1129 1371 1267 1436; x_wconf 86' lang='lat' dir='ltr'><em>Fabulis</em></span> <span class='ocrx_word' id='word_1_70' title='bbox 1304 1371 1412 1436; x_wconf 87' lang='lat' dir='ltr'><em>otiosis</em></span> 
     </span>
     <span class='ocr_line' id='line_1_11' title="bbox 290 1456 1458 1528; baseline 0.006 -7"><span class='ocrx_word' id='word_1_71' title='bbox 290 1456 422 1522; x_wconf 87' lang='lat' dir='ltr'><em>minime</em></span> <span class='ocrx_word' id='word_1_72' title='bbox 444 1459 610 1522; x_wconf 85' lang='lat' dir='ltr'><em>vocabant.</em></span> <span class='ocrx_word' id='word_1_73' title='bbox 649 1458 823 1523; x_wconf 89' lang='lat' dir='ltr'><em>Praeterea</em></span> <span class='ocrx_word' id='word_1_74' title='bbox 845 1460 1111 1525; x_wconf 92' lang='lat' dir='ltr'><em>conversationem</em></span> <span class='ocrx_word' id='word_1_75' title='bbox 1133 1460 1217 1525; x_wconf 90' lang='lat' dir='ltr'><em>inter</em></span> <span class='ocrx_word' id='word_1_76' title='bbox 1238 1482 1272 1526; x_wconf 88' lang='lat' dir='ltr'><em>se</em></span> <span class='ocrx_word' id='word_1_77' title='bbox 1294 1461 1341 1526; x_wconf 92' lang='lat' dir='ltr'><em>ite</em></span> <span class='ocrx_word' id='word_1_78' title='bbox 1363 1460 1411 1525; x_wconf 91' lang='lat' dir='ltr'><em>in·</em></span> <span class='ocrx_word' id='word_1_79' title='bbox 1431 1489 1458 1528; x_wconf 77' lang='lat' dir='ltr'><em>io</em></span> 
     </span>
     <span class='ocr_line' id='line_1_12' title="bbox 240 1545 1412 1631; baseline 0.004 -21"><span class='ocrx_word' id='word_1_80' title='bbox 240 1628 242 1631; x_wconf 80' lang='lat'><em>.</em></span> <span class='ocrx_word' id='word_1_81' title='bbox 290 1545 470 1627; x_wconf 70' lang='lat' dir='ltr'><em>statuebant,</em></span> <span class='ocrx_word' id='word_1_82' title='bbox 494 1552 530 1610; x_wconf 95' lang='lat' dir='ltr'><em>ut</em></span> <span class='ocrx_word' id='word_1_83' title='bbox 550 1545 725 1612; x_wconf 78' lang='lat' dir='ltr'><em>humilitati</em></span> <span class='ocrx_word' id='word_1_84' title='bbox 746 1549 908 1612; x_wconf 77' lang='lat' dir='ltr'><em>studerent</em></span> <span class='ocrx_word' id='word_1_85' title='bbox 924 1569 1023 1630; x_wconf 81' lang='lat' dir='ltr'><em>neque</em></span> <span class='ocrx_word' id='word_1_86' title='bbox 1038 1549 1283 1614; x_wconf 71' lang='lat' dir='ltr'><em>contradictioni</em></span> <span class='ocrx_word' id='word_1_87' title='bbox 1304 1551 1412 1614; x_wconf 88' lang='lat' dir='ltr'><em>verba-</em></span> 
     </span>
     <span class='ocr_line' id='line_1_13' title="bbox 291 1635 1412 1718; baseline 0.004 -19"><span class='ocrx_word' id='word_1_88' title='bbox 291 1654 350 1717; x_wconf 81' lang='lat' dir='ltr'><em>que</em></span> <span class='ocrx_word' id='word_1_89' title='bbox 387 1636 523 1716; x_wconf 91' lang='lat' dir='ltr'><em>superba</em></span> <span class='ocrx_word' id='word_1_90' title='bbox 561 1635 688 1700; x_wconf 86' lang='lat' dir='ltr'><em>mnnino</em></span> <span class='ocrx_word' id='word_1_91' title='bbox 722 1635 878 1701; x_wconf 90' lang='lat' dir='ltr'><em>evitarent</em></span> <span class='ocrx_word' id='word_1_92' title='bbox 914 1658 1012 1718; x_wconf 78' lang='lat' dir='ltr'><em>neque</em></span> <span class='ocrx_word' id='word_1_93' title='bbox 1045 1659 1117 1703; x_wconf 89' lang='lat' dir='ltr'><em>voce</em></span> <span class='ocrx_word' id='word_1_94' title='bbox 1149 1645 1312 1703; x_wconf 90' lang='lat' dir='ltr'><em>uterentur</em></span> <span class='ocrx_word' id='word_1_95' title='bbox 1345 1637 1412 1703; x_wconf 89' lang='lat' dir='ltr'><em>nisi</em></span> 
     </span>
     <span class='ocr_line' id='line_1_14' title="bbox 289 1723 1410 1808; baseline 0.004 -21"><span class='ocrx_word' id='word_1_96' title='bbox 289 1742 468 1805; x_wconf 87' lang='lat' dir='ltr'><em>suppressa.</em></span> <span class='ocrx_word' id='word_1_97' title='bbox 513 1723 654 1790; x_wconf 80' lang='lat' dir='ltr'><em>Oorrecti</em></span> <span class='ocrx_word' id='word_1_98' title='bbox 675 1723 801 1789; x_wconf 90' lang='lat' dir='ltr'><em>veniam</em></span> <span class='ocrx_word' id='word_1_99' title='bbox 819 1727 1024 1806; x_wconf 87' lang='lat' dir='ltr'><em>postulabant</em></span> <span class='ocrx_word' id='word_1_100' title='bbox 1045 1747 1144 1808; x_wconf 80' lang='lat' dir='ltr'><em>neque</em></span> <span class='ocrx_word' id='word_1_101' title='bbox 1162 1748 1194 1791; x_wconf 90' lang='lat' dir='ltr'><em>se</em></span> <span class='ocrx_word' id='word_1_102' title='bbox 1209 1729 1410 1807; x_wconf 77' lang='lat' dir='ltr'><em>excusabant,</em></span> 
     </span>
     <span class='ocr_line' id='line_1_15' title="bbox 290 1811 1412 1898; baseline 0.004 -22"><span class='ocrx_word' id='word_1_103' title='bbox 290 1811 320 1876; x_wconf 86' lang='lat' dir='ltr'><em>si</em></span> <span class='ocrx_word' id='word_1_104' title='bbox 348 1813 433 1892; x_wconf 80' lang='lat' dir='ltr'><em>forte</em></span> <span class='ocrx_word' id='word_1_105' title='bbox 459 1812 733 1878; x_wconf 79' lang='lat' dir='ltr'><em>examinarentur.</em></span> <span class='ocrx_word' id='word_1_106' title='bbox 779 1814 954 1879; x_wconf 84' lang='lat' dir='ltr'><em>Fratribus</em></span> <span class='ocrx_word' id='word_1_107' title='bbox 976 1837 1049 1880; x_wconf 94' lang='lat' dir='ltr'><em>non</em></span> <span class='ocrx_word' id='word_1_108' title='bbox 1079 1816 1285 1881; x_wconf 77' lang='lat' dir='ltr'><em>detrahebant</em></span> <span class='ocrx_word' id='word_1_109' title='bbox 1313 1836 1412 1898; x_wconf 80' lang='lat' dir='ltr'><em>neque</em></span> 
     </span>
     <span class='ocr_line' id='line_1_16' title="bbox 291 1901 1457 1986; baseline 0.006 -21"><span class='ocrx_word' id='word_1_110' title='bbox 291 1901 465 1966; x_wconf 89' lang='lat' dir='ltr'><em>audiebant</em></span> <span class='ocrx_word' id='word_1_111' title='bbox 486 1901 718 1981; x_wconf 70' lang='lat' dir='ltr'><em>detrahentem·</em></span> <span class='ocrx_word' id='word_1_112' title='bbox 741 1923 839 1986; x_wconf 92' lang='lat' dir='ltr'><em>opere</em></span> <span class='ocrx_word' id='word_1_113' title='bbox 861 1925 931 1968; x_wconf 91' lang='lat' dir='ltr'><em>cum</em></span> <span class='ocrx_word' id='word_1_114' title='bbox 954 1903 1090 1984; x_wconf 85' lang='lat' dir='ltr'><em>ostiarii,</em></span> <span class='ocrx_word' id='word_1_115' title='bbox 1114 1904 1170 1986; x_wconf 77' lang='lat' dir='ltr'><em>qui</em></span> <span class='ocrx_word' id='word_1_116' title='bbox 1192 1904 1290 1968; x_wconf 87' lang='lat' dir='ltr'><em>bores</em></span> <span class='ocrx_word' id='word_1_117' title='bbox 1312 1911 1457 1972; x_wconf 73' lang='lat' dir='ltr'><em>custo-1⁶</em></span> 
     </span>
     <span class='ocr_line' id='line_1_17' title="bbox 290 1989 1411 2073; baseline 0.003 -18"><span class='ocrx_word' id='word_1_118' title='bbox 290 1989 404 2072; x_wconf 88' lang='lat' dir='ltr'><em>diebet,</em></span> <span class='ocrx_word' id='word_1_119' title='bbox 428 1997 493 2055; x_wconf 92' lang='lat' dir='ltr'><em>tum</em></span> <span class='ocrx_word' id='word_1_120' title='bbox 515 1989 654 2056; x_wconf 91' lang='lat' dir='ltr'><em>aliorum</em></span> <span class='ocrx_word' id='word_1_121' title='bbox 676 1991 816 2070; x_wconf 84' lang='lat' dir='ltr'><em>fratrum</em></span> <span class='ocrx_word' id='word_1_122' title='bbox 839 1992 1065 2073; x_wconf 76' lang='lat' dir='ltr'><em>reprehendere</em></span> <span class='ocrx_word' id='word_1_123' title='bbox 1088 2014 1153 2058; x_wconf 95' lang='lat' dir='ltr'><em>non</em></span> <span class='ocrx_word' id='word_1_124' title='bbox 1176 1992 1297 2058; x_wconf 89' lang='lat' dir='ltr'><em>licebat.</em></span> <span class='ocrx_word' id='word_1_125' title='bbox 1333 1993 1411 2058; x_wconf 78' lang='lat' dir='ltr'><em>Sine</em></span> 
     </span>
     <span class='ocr_line' id='line_1_18' title="bbox 284 2079 1411 2163; baseline 0.003 -20"><span class='ocrx_word' id='word_1_126' title='bbox 284 2079 445 2160; x_wconf 86' lang='lat' dir='ltr'><em>permissu</em></span> <span class='ocrx_word' id='word_1_127' title='bbox 479 2100 577 2160; x_wconf 81' lang='lat' dir='ltr'><em>neque</em></span> <span class='ocrx_word' id='word_1_128' title='bbox 614 2081 736 2159; x_wconf 82' lang='lat' dir='ltr'><em>fratres</em></span> <span class='ocrx_word' id='word_1_129' title='bbox 770 2080 806 2144; x_wconf 92' lang='lat' dir='ltr'><em>in</em></span> <span class='ocrx_word' id='word_1_130' title='bbox 840 2081 961 2146; x_wconf 90' lang='lat' dir='ltr'><em>cellulis</em></span> <span class='ocrx_word' id='word_1_131' title='bbox 997 2081 1129 2147; x_wconf 85' lang='lat' dir='ltr'><em>visitare</em></span> <span class='ocrx_word' id='word_1_132' title='bbox 1167 2101 1265 2163; x_wconf 81' lang='lat' dir='ltr'><em>neque</em></span> <span class='ocrx_word' id='word_1_133' title='bbox 1302 2087 1411 2163; x_wconf 89' lang='lat' dir='ltr'><em>saepta</em></span> 
     </span>
     <span class='ocr_line' id='line_1_19' title="bbox 288 2167 1465 2258; baseline 0.003 -26"><span class='ocrx_word' id='word_1_134' title='bbox 288 2167 475 2233; x_wconf 90' lang='lat' dir='ltr'><em>monasterii</em></span> <span class='ocrx_word' id='word_1_135' title='bbox 509 2167 687 2250; x_wconf 79' lang='lat' dir='ltr'><em>relinquere</em></span> <span class='ocrx_word' id='word_1_136' title='bbox 720 2169 775 2248; x_wconf 85' lang='lat' dir='ltr'><em>fas</em></span> <span class='ocrx_word' id='word_1_137' title='bbox 809 2176 887 2234; x_wconf 88' lang='lat' dir='ltr'><em>erat.</em></span> <span class='ocrx_word' id='word_1_138' title='bbox 945 2170 1103 2236; x_wconf 86' lang='lat' dir='ltr'><em>Mouacbi</em></span> <span class='ocrx_word' id='word_1_139' title='bbox 1138 2170 1176 2234; x_wconf 94' lang='lat' dir='ltr'><em>in</em></span> <span class='ocrx_word' id='word_1_140' title='bbox 1209 2171 1349 2235; x_wconf 76' lang='lat' dir='ltr'><em>seniores</em></span> <span class='ocrx_word' id='word_1_141' title='bbox 1383 2177 1413 2236; x_wconf 91' lang='lat' dir='ltr'><em>et</em></span> <span class='ocrx_word' id='word_1_142' title='bbox 1464 2253 1465 2258; x_wconf 5' lang='grc' dir='ltr'>ἵ</span> 
     </span>
     <span class='ocr_line' id='line_1_20' title="bbox 286 2255 1409 2340; baseline 0.004 -20"><span class='ocrx_word' id='word_1_143' title='bbox 286 2255 432 2320; x_wconf 88' lang='lat' dir='ltr'><em>iuniores</em></span> <span class='ocrx_word' id='word_1_144' title='bbox 461 2255 694 2336; x_wconf 83' lang='lat' dir='ltr'><em>dividebantur,</em></span> <span class='ocrx_word' id='word_1_145' title='bbox 725 2277 802 2338; x_wconf 82' lang='lat' dir='ltr'><em>quos</em></span> <span class='ocrx_word' id='word_1_146' title='bbox 825 2265 921 2339; x_wconf 94' lang='lat' dir='ltr'><em>pater</em></span> <span class='ocrx_word' id='word_1_147' title='bbox 949 2259 1066 2340; x_wconf 91' lang='lat' dir='ltr'><em>senior,</em></span> <span class='ocrx_word' id='word_1_148' title='bbox 1092 2265 1188 2340; x_wconf 91' lang='lat' dir='ltr'><em>pater</em></span> <span class='ocrx_word' id='word_1_149' title='bbox 1213 2259 1409 2340; x_wconf 89' lang='lat' dir='ltr'><em>monasterii,</em></span> 
     </span>
     <span class='ocr_line' id='line_1_21' title="bbox 287 2343 1458 2430; baseline 0.007 -22"><span class='ocrx_word' id='word_1_150' title='bbox 287 2343 409 2410; x_wconf 85' lang='lat' dir='ltr'><em>seilicet</em></span> <span class='ocrx_word' id='word_1_151' title='bbox 421 2343 642 2425; x_wconf 78' lang='lat' dir='ltr'><em>Columbenns,</em></span> <span class='ocrx_word' id='word_1_152' title='bbox 656 2346 703 2410; x_wconf 91' lang='lat' dir='ltr'><em>vel</em></span> <span class='ocrx_word' id='word_1_153' title='bbox 708 2346 817 2427; x_wconf 89' lang='lat' dir='ltr'><em>potius</em></span> <span class='ocrx_word' id='word_1_154' title='bbox 822 2347 1027 2428; x_wconf 88' lang='lat' dir='ltr'><em>praepositus</em></span> <span class='ocrx_word' id='word_1_155' title='bbox 1036 2348 1242 2430; x_wconf 78' lang='lat' dir='ltr'><em>pubernabat.</em></span> <span class='ocrx_word' id='word_1_156' title='bbox 1262 2347 1411 2413; x_wconf 82' lang='lat' dir='ltr'><em>Seniores</em></span> <span class='ocrx_word' id='word_1_157' title='bbox 1429 2377 1458 2416; x_wconf 76' lang='lat' dir='ltr'><em>so</em></span> 
     </span>
     <span class='ocr_line' id='line_1_22' title="bbox 287 2433 1411 2518; baseline 0.004 -22"><span class='ocrx_word' id='word_1_158' title='bbox 287 2433 411 2498; x_wconf 86' lang='lat' dir='ltr'><em>meiere</em></span> <span class='ocrx_word' id='word_1_159' title='bbox 445 2433 631 2498; x_wconf 92' lang='lat' dir='ltr'><em>auctoritate</em></span> <span class='ocrx_word' id='word_1_160' title='bbox 664 2434 856 2512; x_wconf 85' lang='lat' dir='ltr'><em>fruebantur</em></span> <span class='ocrx_word' id='word_1_161' title='bbox 888 2436 1127 2518; x_wconf 81' lang='lat' dir='ltr'><em>iunioribusque</em></span> <span class='ocrx_word' id='word_1_162' title='bbox 1164 2436 1411 2502; x_wconf 75' lang='lat' dir='ltr'><em>contradicentes</em></span> 
     </span>
     <span class='ocr_line' id='line_1_23' title="bbox 290 2521 1411 2608; baseline 0.002 -22"><span class='ocrx_word' id='word_1_163' title='bbox 290 2522 342 2587; x_wconf 82' lang='lat' dir='ltr'><em>leis</em></span> <span class='ocrx_word' id='word_1_164' title='bbox 363 2521 484 2587; x_wconf 88' lang='lat' dir='ltr'><em>verbis:</em></span> <span class='ocrx_word' id='word_1_165' title='bbox 516 2521 603 2587; x_wconf 89' lang='lat' dir='ltr'><em>‘Non</em></span> <span class='ocrx_word' id='word_1_166' title='bbox 631 2522 679 2588; x_wconf 93' lang='lat' dir='ltr'><em>ita</em></span> <span class='ocrx_word' id='word_1_167' title='bbox 708 2531 761 2604; x_wconf 87' lang='lat' dir='ltr'><em>est,</em></span> <span class='ocrx_word' id='word_1_168' title='bbox 791 2531 827 2588; x_wconf 95' lang='lat' dir='ltr'><em>ut</em></span> <span class='ocrx_word' id='word_1_169' title='bbox 855 2524 955 2607; x_wconf 87' lang='lat' dir='ltr'><em>dicis&#39;,</em></span> <span class='ocrx_word' id='word_1_170' title='bbox 985 2525 1137 2608; x_wconf 75' lang='lat' dir='ltr'><em>impuniti</em></span> <span class='ocrx_word' id='word_1_171' title='bbox 1159 2527 1411 2608; x_wconf 69' lang='lat' dir='ltr'><em>permanebant,</em></span> 
     </span>
     <span class='ocr_line' id='line_1_24' title="bbox 290 2610 1412 2695; baseline 0.004 -21"><span class='ocrx_word' id='word_1_172' title='bbox 290 2610 354 2692; x_wconf 87' lang='lat' dir='ltr'><em>ipsi</em></span> <span class='ocrx_word' id='word_1_173' title='bbox 388 2618 473 2676; x_wconf 88' lang='lat' dir='ltr'><em>ortes</em></span> <span class='ocrx_word' id='word_1_174' title='bbox 508 2613 659 2676; x_wconf 91' lang='lat' dir='ltr'><em>docebant</em></span> <span class='ocrx_word' id='word_1_175' title='bbox 695 2633 850 2694; x_wconf 80' lang='lat' dir='ltr'><em>opereque</em></span> <span class='ocrx_word' id='word_1_176' title='bbox 886 2613 1097 2695; x_wconf 89' lang='lat' dir='ltr'><em>imponebant.</em></span> <span class='ocrx_word' id='word_1_177' title='bbox 1150 2614 1412 2680; x_wconf 89' lang='lat' dir='ltr'><em>Inrisdictionem</em></span> 
     </span>
     <span class='ocr_line' id='line_1_25' title="bbox 290 2699 1410 2785; baseline 0.004 -22"><span class='ocrx_word' id='word_1_178' title='bbox 290 2706 386 2764; x_wconf 92' lang='lat' dir='ltr'><em>totam</em></span> <span class='ocrx_word' id='word_1_179' title='bbox 414 2699 626 2765; x_wconf 83' lang='lat' dir='ltr'><em>Ootnmbenus</em></span> <span class='ocrx_word' id='word_1_180' title='bbox 653 2702 837 2783; x_wconf 89' lang='lat' dir='ltr'><em>praeposito</em></span> <span class='ocrx_word' id='word_1_181' title='bbox 870 2705 1081 2768; x_wconf 84' lang='lat' dir='ltr'><em>mondaverat</em></span> <span class='ocrx_word' id='word_1_182' title='bbox 1114 2725 1212 2785; x_wconf 78' lang='lat' dir='ltr'><em>neque</em></span> <span class='ocrx_word' id='word_1_183' title='bbox 1246 2702 1410 2768; x_wconf 77' lang='lat' dir='ltr'><em>monacbis</em></span> 
     </span>
     <span class='ocr_line' id='line_1_26' title="bbox 289 2789 1460 2878; baseline 0.006 -25"><span class='ocrx_word' id='word_1_184' title='bbox 289 2809 323 2854; x_wconf 89' lang='lat' dir='ltr'><em>eo</em></span> <span class='ocrx_word' id='word_1_185' title='bbox 340 2789 566 2870; x_wconf 83' lang='lat' dir='ltr'><em>praetermisso</em></span> <span class='ocrx_word' id='word_1_186' title='bbox 582 2797 709 2878; x_wconf 89' lang='lat' dir='ltr'><em>petrem</em></span> <span class='ocrx_word' id='word_1_187' title='bbox 732 2792 893 2872; x_wconf 89' lang='lat' dir='ltr'><em>appellare</em></span> <span class='ocrx_word' id='word_1_188' title='bbox 916 2791 1035 2857; x_wconf 90' lang='lat' dir='ltr'><em>licebat.</em></span> <span class='ocrx_word' id='word_1_189' title='bbox 1076 2793 1114 2857; x_wconf 81' lang='lat' dir='ltr'><em>Si</em></span> <span class='ocrx_word' id='word_1_190' title='bbox 1137 2792 1209 2874; x_wconf 78' lang='lat' dir='ltr'><em>quis</em></span> <span class='ocrx_word' id='word_1_191' title='bbox 1228 2793 1308 2875; x_wconf 81' lang='lat' dir='ltr'><em>lepos</em></span> <span class='ocrx_word' id='word_1_192' title='bbox 1330 2812 1410 2872; x_wconf 78' lang='lat' dir='ltr'><em>enas</em></span> <span class='ocrx_word' id='word_1_193' title='bbox 1428 2819 1460 2860; x_wconf 75' lang='lat' dir='ltr'><em>ss</em></span> 
     </span>
     <span class='ocr_line' id='line_1_27' title="bbox 290 2877 1410 2963; baseline 0.001 -20"><span class='ocrx_word' id='word_1_194' title='bbox 290 2877 494 2943; x_wconf 90' lang='lat' dir='ltr'><em>constituerat</em></span> <span class='ocrx_word' id='word_1_195' title='bbox 508 2878 556 2943; x_wconf 89' lang='lat' dir='ltr'><em>vel</em></span> <span class='ocrx_word' id='word_1_196' title='bbox 574 2879 749 2944; x_wconf 90' lang='lat' dir='ltr'><em>levissimus</em></span> <span class='ocrx_word' id='word_1_197' title='bbox 768 2881 912 2961; x_wconf 86' lang='lat' dir='ltr'><em>laeserat,</em></span> <span class='ocrx_word' id='word_1_198' title='bbox 937 2883 981 2945; x_wconf 93' lang='lat' dir='ltr'><em>ed</em></span> <span class='ocrx_word' id='word_1_199' title='bbox 996 2881 1230 2962; x_wconf 89' lang='lat' dir='ltr'><em>paenitentiam</em></span> <span class='ocrx_word' id='word_1_200' title='bbox 1254 2883 1410 2963; x_wconf 84' lang='lat' dir='ltr'><em>ependem</em></span> 
     </span>
     <span class='ocr_line' id='line_1_28' title="bbox 291 2964 1409 3052; baseline 0.002 -20"><span class='ocrx_word' id='word_1_201' title='bbox 291 2964 573 3049; x_wconf 75' lang='lat' dir='ltr'><em>pnmsnonc&#39;ous’,</em></span> <span class='ocrx_word' id='word_1_202' title='bbox 612 2967 635 3031; x_wconf 90' lang='lat' dir='ltr'><em>i.</em></span> <span class='ocrx_word' id='word_1_203' title='bbox 674 2991 698 3032; x_wconf 88' lang='lat' dir='ltr'><em>e.</em></span> <span class='ocrx_word' id='word_1_204' title='bbox 738 2969 934 3048; x_wconf 89' lang='lat' dir='ltr'><em>verberibus,</em></span> <span class='ocrx_word' id='word_1_205' title='bbox 974 2970 1204 3052; x_wconf 81' lang='lat' dir='ltr'><em>oestipabatur,</em></span> <span class='ocrx_word' id='word_1_206' title='bbox 1244 2990 1409 3050; x_wconf 80' lang='lat' dir='ltr'><em>eorumque</em></span> 
     </span>
     <span class='ocr_line' id='line_1_29' title="bbox 289 3055 1409 3140; baseline 0.002 -20"><span class='ocrx_word' id='word_1_207' title='bbox 289 3076 456 3121; x_wconf 92' lang='lat' dir='ltr'><em>numerum</em></span> <span class='ocrx_word' id='word_1_208' title='bbox 470 3055 594 3121; x_wconf 89' lang='lat' dir='ltr'><em>ratione</em></span> <span class='ocrx_word' id='word_1_209' title='bbox 610 3057 793 3122; x_wconf 89' lang='lat' dir='ltr'><em>delictorum</em></span> <span class='ocrx_word' id='word_1_210' title='bbox 807 3057 1046 3123; x_wconf 86' lang='lat' dir='ltr'><em>immoderatius</em></span> <span class='ocrx_word' id='word_1_211' title='bbox 1060 3059 1173 3140; x_wconf 79' lang='lat' dir='ltr'><em>euperi</em></span> <span class='ocrx_word' id='word_1_212' title='bbox 1188 3058 1290 3140; x_wconf 86' lang='lat' dir='ltr'><em>iussit,</em></span> <span class='ocrx_word' id='word_1_213' title='bbox 1314 3059 1409 3122; x_wconf 89' lang='lat' dir='ltr'><em>multo</em></span> 
     </span>
     <span class='ocr_line' id='line_1_30' title="bbox 289 3144 1410 3230; baseline 0.003 -21"><span class='ocrx_word' id='word_1_214' title='bbox 289 3144 427 3210; x_wconf 90' lang='lat' dir='ltr'><em>severior</em></span> <span class='ocrx_word' id='word_1_215' title='bbox 454 3144 606 3211; x_wconf 79' lang='lat' dir='ltr'><em>Caesario</em></span> <span class='ocrx_word' id='word_1_216' title='bbox 616 3146 637 3208; x_wconf 76' lang='lat'><em>1.</em></span> <span class='ocrx_word' id='word_1_217' title='bbox 690 3145 771 3211; x_wconf 85' lang='lat' dir='ltr'><em>Alie</em></span> <span class='ocrx_word' id='word_1_218' title='bbox 800 3146 1016 3227; x_wconf 87' lang='lat' dir='ltr'><em>poenitentiae</em></span> <span class='ocrx_word' id='word_1_219' title='bbox 1047 3169 1164 3230; x_wconf 79' lang='lat' dir='ltr'><em>ponera</em></span> <span class='ocrx_word' id='word_1_220' title='bbox 1198 3147 1410 3213; x_wconf 79' lang='lat' dir='ltr'><em>Columbanus</em></span> 
     </span>
     <span class='ocr_line' id='line_1_31' title="bbox 279 3234 1455 3318; baseline 0.003 -18"><span class='ocrx_word' id='word_1_221' title='bbox 279 3249 391 3317; x_wconf 87' lang='lat' dir='ltr'><em>peuce</em></span> <span class='ocrx_word' id='word_1_222' title='bbox 414 3239 536 3300; x_wconf 86' lang='lat' dir='ltr'><em>tontum</em></span> <span class='ocrx_word' id='word_1_223' title='bbox 560 3234 699 3313; x_wconf 72' lang='lat' dir='ltr'><em>edmmit,</em></span> <span class='ocrx_word' id='word_1_224' title='bbox 735 3235 854 3300; x_wconf 90' lang='lat' dir='ltr'><em>scilicet</em></span> <span class='ocrx_word' id='word_1_225' title='bbox 885 3243 921 3300; x_wconf 91' lang='lat' dir='ltr'><em>ut</em></span> <span class='ocrx_word' id='word_1_226' title='bbox 953 3237 1100 3302; x_wconf 88' lang='lat' dir='ltr'><em>monaobi</em></span> <span class='ocrx_word' id='word_1_227' title='bbox 1130 3237 1344 3318; x_wconf 78' lang='lat' dir='ltr'><em>delinquentes</em></span> <span class='ocrx_word' id='word_1_228' title='bbox 1372 3235 1409 3300; x_wconf 93' lang='lat' dir='ltr'><em>in</em></span> <span class='ocrx_word' id='word_1_229' title='bbox 1428 3263 1455 3304; x_wconf 81' lang='lat' dir='ltr'><em>eo</em></span> 
     </span>
     <span class='ocr_line' id='line_1_32' title="bbox 285 3323 1410 3408; baseline -0.001 -20"><span class='ocrx_word' id='word_1_230' title='bbox 285 3323 418 3389; x_wconf 88' lang='lat' dir='ltr'><em>ecclesie</em></span> <span class='ocrx_word' id='word_1_231' title='bbox 434 3331 557 3389; x_wconf 88' lang='lat' dir='ltr'><em>sterent</em></span> <span class='ocrx_word' id='word_1_232' title='bbox 570 3325 692 3388; x_wconf 88' lang='lat' dir='ltr'><em>nullum</em></span> <span class='ocrx_word' id='word_1_233' title='bbox 708 3325 878 3389; x_wconf 93' lang='lat' dir='ltr'><em>membrum</em></span> <span class='ocrx_word' id='word_1_234' title='bbox 894 3332 1047 3391; x_wconf 90' lang='lat' dir='ltr'><em>moventes</em></span> <span class='ocrx_word' id='word_1_235' title='bbox 1066 3332 1122 3390; x_wconf 90' lang='lat' dir='ltr'><em>aut</em></span> <span class='ocrx_word' id='word_1_236' title='bbox 1137 3347 1254 3408; x_wconf 78' lang='lat' dir='ltr'><em>aquom</em></span> <span class='ocrx_word' id='word_1_237' title='bbox 1270 3325 1410 3390; x_wconf 90' lang='lat' dir='ltr'><em>biberent</em></span> 
     </span>
     <span class='ocr_line' id='line_1_33' title="bbox 288 3412 1410 3498; baseline 0 -22"><span class='ocrx_word' id='word_1_238' title='bbox 288 3412 353 3477; x_wconf 90' lang='lat' dir='ltr'><em>loco</em></span> <span class='ocrx_word' id='word_1_239' title='bbox 392 3412 560 3478; x_wconf 79' lang='lat' dir='ltr'><em>cerevisiae</em></span> <span class='ocrx_word' id='word_1_240' title='bbox 595 3420 652 3478; x_wconf 95' lang='lat' dir='ltr'><em>aut</em></span> <span class='ocrx_word' id='word_1_241' title='bbox 685 3413 721 3478; x_wconf 93' lang='lat' dir='ltr'><em>in</em></span> <span class='ocrx_word' id='word_1_242' title='bbox 755 3414 867 3479; x_wconf 90' lang='lat' dir='ltr'><em>cellula</em></span> <span class='ocrx_word' id='word_1_243' title='bbox 901 3421 1140 3498; x_wconf 74' lang='lat' dir='ltr'><em>separarentur.</em></span> <span class='ocrx_word' id='word_1_244' title='bbox 1187 3413 1410 3478; x_wconf 86' lang='lat' dir='ltr'><em>Paenitenties</em></span> 
     </span>
     <span class='ocr_line' id='line_1_34' title="bbox 282 3500 1409 3584; baseline 0 -20"><span class='ocrx_word' id='word_1_245' title='bbox 282 3500 429 3565; x_wconf 88' lang='lat' dir='ltr'><em>minutos</em></span> <span class='ocrx_word' id='word_1_246' title='bbox 458 3522 599 3576; x_wconf 86' lang='lat' dir='ltr'><em>mensem</em></span> <span class='ocrx_word' id='word_1_247' title='bbox 629 3502 880 3568; x_wconf 89' lang='lat' dir='ltr'><em>accumbentibus</em></span> <span class='ocrx_word' id='word_1_248' title='bbox 913 3503 1074 3584; x_wconf 87' lang='lat' dir='ltr'><em>imponere</em></span> <span class='ocrx_word' id='word_1_249' title='bbox 1104 3502 1198 3566; x_wconf 91' lang='lat' dir='ltr'><em>etiem</em></span> <span class='ocrx_word' id='word_1_250' title='bbox 1227 3500 1409 3582; x_wconf 85' lang='lat' dir='ltr'><em>praeposito</em></span> 
     </span>
     <span class='ocr_line' id='line_1_35' title="bbox 283 3587 1411 3672; baseline 0 -20"><span class='ocrx_word' id='word_1_251' title='bbox 283 3587 408 3654; x_wconf 83' lang='lat' dir='ltr'><em>licebat.</em></span> <span class='ocrx_word' id='word_1_252' title='bbox 455 3590 630 3656; x_wconf 87' lang='lat' dir='ltr'><em>Fratribus</em></span> <span class='ocrx_word' id='word_1_253' title='bbox 646 3590 893 3672; x_wconf 90' lang='lat' dir='ltr'><em>poenitentibus,</em></span> <span class='ocrx_word' id='word_1_254' title='bbox 918 3590 1063 3671; x_wconf 77' lang='lat' dir='ltr'><em>quamvis</em></span> <span class='ocrx_word' id='word_1_255' title='bbox 1086 3611 1180 3671; x_wconf 88' lang='lat' dir='ltr'><em>opere</em></span> <span class='ocrx_word' id='word_1_256' title='bbox 1204 3588 1359 3667; x_wconf 74' lang='lat' dir='ltr'><em>difficilia</em></span> <span class='ocrx_word' id='word_1_257' title='bbox 1381 3596 1411 3652; x_wconf 91' lang='lat' dir='ltr'><em>et</em></span> 
     </span>
    </p>
   </div>
   <div class='ocr_carea' id='block_1_3' title="bbox 287 3677 1377 3762">
    <p class='ocr_par' dir='ltr' id='par_1_3' title="bbox 287 3677 1377 3762">
     <span class='ocr_line' id='line_1_36' title="bbox 287 3677 1377 3762; baseline -0.003 -20"><span class='ocrx_word' id='word_1_258' title='bbox 287 3677 421 3746; x_wconf 91' lang='lat' dir='ltr'><em>sordide</em></span> <span class='ocrx_word' id='word_1_259' title='bbox 446 3681 643 3762; x_wconf 76' lang='lat' dir='ltr'><em>perlicerent,</em></span> <span class='ocrx_word' id='word_1_260' title='bbox 676 3686 780 3744; x_wconf 92' lang='lat' dir='ltr'><em>tamen</em></span> <span class='ocrx_word' id='word_1_261' title='bbox 810 3678 919 3762; x_wconf 87' lang='lat' dir='ltr'><em>capita</em></span> <span class='ocrx_word' id='word_1_262' title='bbox 948 3679 1089 3744; x_wconf 90' lang='lat' dir='ltr'><em>levando</em></span> <span class='ocrx_word' id='word_1_263' title='bbox 1119 3699 1184 3742; x_wconf 94' lang='lat' dir='ltr'><em>nou</em></span> <span class='ocrx_word' id='word_1_264' title='bbox 1211 3682 1312 3756; x_wconf 89' lang='lat' dir='ltr'><em>erent,</em></span> <span class='ocrx_word' id='word_1_265' title='bbox 1344 3697 1377 3740; x_wconf 87' lang='lat' dir='ltr'><em>nc</em></span> 
     </span>
    </p>
   </div>
   <div class='ocr_carea' id='block_1_4' title="bbox 288 3697 1457 3832">
    <p class='ocr_par' dir='ltr' id='par_1_4' title="bbox 288 3697 1457 3832">
     <span class='ocr_line' id='line_1_37' title="bbox 1377 3697 1455 3748; baseline -0.013 0"><span class='ocrx_word' id='word_1_266' title='bbox 1377 3697 1409 3740; x_wconf 70' lang='lat' dir='ltr'><em>tt</em></span> <span class='ocrx_word' id='word_1_267' title='bbox 1428 3707 1455 3748; x_wconf 80' lang='lat' dir='ltr'><em>ss</em></span> 
     </span>
     <span class='ocr_line' id='line_1_38' title="bbox 288 3765 1457 3832; baseline 0.004 -1"><span class='ocrx_word' id='word_1_268' title='bbox 288 3765 341 3832; x_wconf 91' lang='lat' dir='ltr'><em>die</em></span> <span class='ocrx_word' id='word_1_269' title='bbox 364 3768 552 3832; x_wconf 76' lang='lat' dir='ltr'><em>dominico2.</em></span> <span class='ocrx_word' id='word_1_270' title='bbox 1454 3799 1457 3803; x_wconf 49' lang='lat'>&gt;</span> 
     </span>
    </p>
   </div>
   <div class='ocr_carea' id='block_1_5' title="bbox 287 3958 1455 4526">
    <p class='ocr_par' dir='ltr' id='par_1_5' title="bbox 287 3958 1455 4526">
     <span class='ocr_line' id='line_1_39' title="bbox 290 3958 1407 4026; baseline -0.004 -11"><span class='ocrx_word' id='word_1_271' title='bbox 290 3959 316 4026; x_wconf 79' lang='lat'><em>1)</em></span> <span class='ocrx_word' id='word_1_272' title='bbox 339 3959 388 4013; x_wconf 85' lang='lat' dir='ltr'><em>SS.</em></span> <span class='ocrx_word' id='word_1_273' title='bbox 408 3960 442 4012; x_wconf 88' lang='lat' dir='ltr'><em>R.</em></span> <span class='ocrx_word' id='word_1_274' title='bbox 460 3961 558 4014; x_wconf 87' lang='lat' dir='ltr'><em>Meroe.</em></span> <span class='ocrx_word' id='word_1_275' title='bbox 578 3961 707 4024; x_wconf 83' lang='grc' dir='ltr'><strong><em>ΙΙΙ,448.</em></strong></span> <span class='ocrx_word' id='word_1_276' title='bbox 798 3961 826 4026; x_wconf 82' lang='lat'><em>2)</em></span> <span class='ocrx_word' id='word_1_277' title='bbox 853 3959 959 4025; x_wconf 79' lang='lat' dir='ltr'><em>Reputo</em></span> <span class='ocrx_word' id='word_1_278' title='bbox 977 3958 1134 4010; x_wconf 82' lang='lat' dir='ltr'><em>coenobialis</em></span> <span class='ocrx_word' id='word_1_279' title='bbox 1152 3974 1210 4010; x_wconf 89' lang='lat' dir='ltr'><em>eum</em></span> <span class='ocrx_word' id='word_1_280' title='bbox 1231 3958 1337 4009; x_wconf 89' lang='lat' dir='ltr'><em>Donato</em></span> <span class='ocrx_word' id='word_1_281' title='bbox 1356 3958 1407 4022; x_wconf 90' lang='lat' dir='ltr'><em>(ed.</em></span> 
     </span>
     <span class='ocr_line' id='line_1_40' title="bbox 288 4030 1407 4098; baseline 0 -15"><span class='ocrx_word' id='word_1_282' title='bbox 288 4031 453 4098; x_wconf 85' lang='lat' dir='ltr'><em>Holstcnius,</em></span> <span class='ocrx_word' id='word_1_283' title='bbox 475 4033 536 4086; x_wconf 81' lang='lat' dir='ltr'><em>Cod.</em></span> <span class='ocrx_word' id='word_1_284' title='bbox 550 4032 653 4098; x_wconf 68' lang='lat' dir='ltr'><em>Requi,</em></span> <span class='ocrx_word' id='word_1_285' title='bbox 674 4032 751 4094; x_wconf 82' lang='lat'><em>1759,</em></span> <span class='ocrx_word' id='word_1_286' title='bbox 768 4031 815 4096; x_wconf 89' lang='lat' dir='ltr'><em>VI,</em></span> <span class='ocrx_word' id='word_1_287' title='bbox 831 4033 956 4097; x_wconf 62' lang='lat' dir='ltr'><em>37&#39;lsqq,</em></span> <span class='ocrx_word' id='word_1_288' title='bbox 975 4045 995 4084; x_wconf 90' lang='lat' dir='ltr'><em>o.</em></span> <span class='ocrx_word' id='word_1_289' title='bbox 1009 4031 1128 4088; x_wconf 80' lang='lat'><em>23-34)</em></span> <span class='ocrx_word' id='word_1_290' title='bbox 1147 4030 1288 4082; x_wconf 86' lang='lat' dir='ltr'><em>concordet</em></span> <span class='ocrx_word' id='word_1_291' title='bbox 1304 4030 1340 4080; x_wconf 88' lang='lat' dir='ltr'><em>ed</em></span> <span class='ocrx_word' id='word_1_292' title='bbox 1351 4045 1372 4082; x_wconf 90' lang='lat' dir='ltr'><em>o.</em></span> <span class='ocrx_word' id='word_1_293' title='bbox 1383 4032 1407 4083; x_wconf 91' lang='grc'><em>9.</em></span> 
     </span>
     <span class='ocr_line' id='line_1_41' title="bbox 288 4101 1409 4170; baseline -0.005 -14"><span class='ocrx_word' id='word_1_294' title='bbox 288 4109 401 4170; x_wconf 85' lang='lat' dir='ltr'><em>tantum,</em></span> <span class='ocrx_word' id='word_1_295' title='bbox 428 4119 509 4170; x_wconf 80' lang='lat' dir='ltr'><em>eaque</em></span> <span class='ocrx_word' id='word_1_296' title='bbox 533 4119 600 4169; x_wconf 79' lang='lat' dir='ltr'><em>quae</em></span> <span class='ocrx_word' id='word_1_297' title='bbox 625 4102 992 4167; x_wconf 80' lang='lat' dir='ltr'><em>subsequuntnrc.10-15.</em></span> <span class='ocrx_word' id='word_1_298' title='bbox 1013 4101 1172 4153; x_wconf 84' lang='lat' dir='ltr'><em>Columbaui</em></span> <span class='ocrx_word' id='word_1_299' title='bbox 1192 4116 1317 4153; x_wconf 83' lang='lat' dir='ltr'><em>essenon</em></span> <span class='ocrx_word' id='word_1_300' title='bbox 1331 4115 1409 4166; x_wconf 85' lang='lat' dir='ltr'><em>posse</em></span> 
     </span>
     <span class='ocr_line' id='line_1_42' title="bbox 288 4169 1455 4239; baseline 0 -13"><span class='ocrx_word' id='word_1_301' title='bbox 288 4191 322 4226; x_wconf 80' lang='lat' dir='ltr'><em>ee</em></span> <span class='ocrx_word' id='word_1_302' title='bbox 340 4191 457 4227; x_wconf 88' lang='lat' dir='ltr'><em>sermone</em></span> <span class='ocrx_word' id='word_1_303' title='bbox 475 4175 646 4239; x_wconf 76' lang='lat' dir='ltr'><em>intellepitur,</em></span> <span class='ocrx_word' id='word_1_304' title='bbox 672 4187 730 4222; x_wconf 89' lang='lat' dir='ltr'><em>cnm</em></span> <span class='ocrx_word' id='word_1_305' title='bbox 755 4179 849 4224; x_wconf 88' lang='lat' dir='ltr'><em>auctor</em></span> <span class='ocrx_word' id='word_1_306' title='bbox 868 4173 987 4223; x_wconf 89' lang='lat' dir='ltr'><em>abbatem</em></span> <span class='ocrx_word' id='word_1_307' title='bbox 1005 4187 1219 4239; x_wconf 84' lang='lat' dir='ltr'><em>oeconomumque</em></span> <span class='ocrx_word' id='word_1_308' title='bbox 1244 4184 1278 4238; x_wconf 90' lang='lat' dir='ltr'><em>(c.</em></span> <span class='ocrx_word' id='word_1_309' title='bbox 1300 4175 1340 4226; x_wconf 88' lang='lat'><em>11.</em></span> <span class='ocrx_word' id='word_1_310' title='bbox 1363 4169 1408 4237; x_wconf 81' lang='lat'><em>12)</em></span> <span class='ocrx_word' id='word_1_311' title='bbox 1427 4186 1455 4226; x_wconf 76' lang='lat'><em>40</em></span> 
     </span>
     <span class='ocr_line' id='line_1_43' title="bbox 287 4243 1408 4312; baseline -0.005 -14"><span class='ocrx_word' id='word_1_312' title='bbox 287 4249 397 4312; x_wconf 86' lang='lat' dir='ltr'><em>noverit,</em></span> <span class='ocrx_word' id='word_1_313' title='bbox 424 4247 472 4312; x_wconf 80' lang='lat' dir='ltr'><em>qui</em></span> <span class='ocrx_word' id='word_1_314' title='bbox 490 4246 588 4310; x_wconf 74' lang='lat' dir='ltr'><em>‘patris</em></span> <span class='ocrx_word' id='word_1_315' title='bbox 612 4243 736 4294; x_wconf 84' lang='lat' dir='ltr'><em>senioris&#39;</em></span> <span class='ocrx_word' id='word_1_316' title='bbox 754 4249 868 4310; x_wconf 87' lang='lat' dir='ltr'><em>tempore</em></span> <span class='ocrx_word' id='word_1_317' title='bbox 893 4246 923 4294; x_wconf 88' lang='lat' dir='ltr'><em>in</em></span> <span class='ocrx_word' id='word_1_318' title='bbox 949 4247 1109 4296; x_wconf 87' lang='lat' dir='ltr'><em>monasterio</em></span> <span class='ocrx_word' id='word_1_319' title='bbox 1134 4251 1200 4296; x_wconf 87' lang='lat' dir='ltr'><em>certe</em></span> <span class='ocrx_word' id='word_1_320' title='bbox 1221 4259 1276 4296; x_wconf 92' lang='lat' dir='ltr'><em>non</em></span> <span class='ocrx_word' id='word_1_321' title='bbox 1293 4244 1408 4309; x_wconf 78' lang='lat' dir='ltr'><em>reperie-</em></span> 
     </span>
     <span class='ocr_line' id='line_1_44' title="bbox 289 4314 1409 4382; baseline -0.005 -13"><span class='ocrx_word' id='word_1_322' title='bbox 289 4317 396 4382; x_wconf 79' lang='lat' dir='ltr'><em>bantur,</em></span> <span class='ocrx_word' id='word_1_323' title='bbox 416 4331 525 4381; x_wconf 78' lang='lat' dir='ltr'><em>eumque</em></span> <span class='ocrx_word' id='word_1_324' title='bbox 540 4329 654 4382; x_wconf 86' lang='lat' dir='ltr'><em>poenam</em></span> <span class='ocrx_word' id='word_1_325' title='bbox 672 4314 826 4366; x_wconf 81' lang='lat' dir='ltr'><em>‘verberum&#39;</em></span> <span class='ocrx_word' id='word_1_326' title='bbox 844 4317 1008 4367; x_wconf 81' lang='lat' dir='ltr'><em>constituerit</em></span> <span class='ocrx_word' id='word_1_327' title='bbox 1022 4316 1075 4368; x_wconf 93' lang='lat' dir='ltr'><em>loco</em></span> <span class='ocrx_word' id='word_1_328' title='bbox 1095 4314 1322 4382; x_wconf 72' lang='lat' dir='ltr'><em>percussionum,</em></span> <span class='ocrx_word' id='word_1_329' title='bbox 1341 4315 1409 4364; x_wconf 87' lang='lat' dir='ltr'><em>sicet</em></span> 
     </span>
     <span class='ocr_line' id='line_1_45' title="bbox 288 4385 1409 4454; baseline -0.002 -16"><span class='ocrx_word' id='word_1_330' title='bbox 288 4394 404 4442; x_wconf 78' lang='lat' dir='ltr'><em>senectus.</em></span> <span class='ocrx_word' id='word_1_331' title='bbox 435 4387 522 4438; x_wconf 83' lang='lat' dir='ltr'><em>Eutet</em></span> <span class='ocrx_word' id='word_1_332' title='bbox 533 4387 612 4438; x_wconf 88' lang='lat' dir='ltr'><em>etiam</em></span> <span class='ocrx_word' id='word_1_333' title='bbox 624 4385 732 4450; x_wconf 82' lang='lat' dir='ltr'><em>repulee</em></span> <span class='ocrx_word' id='word_1_334' title='bbox 749 4389 864 4439; x_wconf 85' lang='lat' dir='ltr'><em>recensio</em></span> <span class='ocrx_word' id='word_1_335' title='bbox 880 4388 1019 4454; x_wconf 78' lang='lat' dir='ltr'><em>prolixior</em></span> <span class='ocrx_word' id='word_1_336' title='bbox 1037 4389 1067 4438; x_wconf 90' lang='lat' dir='ltr'><em>in</em></span> <span class='ocrx_word' id='word_1_337' title='bbox 1085 4389 1232 4440; x_wconf 85' lang='lat' dir='ltr'><em>collectione</em></span> <span class='ocrx_word' id='word_1_338' title='bbox 1249 4386 1409 4452; x_wconf 81' lang='lat' dir='ltr'><em>repeterem</em></span> 
     </span>
     <span class='ocr_line' id='line_1_46' title="bbox 289 4455 1439 4526; baseline -0.004 -16"><span class='ocrx_word' id='word_1_339' title='bbox 289 4458 423 4510; x_wconf 86' lang='lat' dir='ltr'><em>Benedicti</em></span> <span class='ocrx_word' id='word_1_340' title='bbox 447 4459 612 4510; x_wconf 79' lang='lat' dir='ltr'><em>Anienensie</em></span> <span class='ocrx_word' id='word_1_341' title='bbox 638 4459 684 4522; x_wconf 81' lang='lat' dir='ltr'><em>(cf.</em></span> <span class='ocrx_word' id='word_1_342' title='bbox 711 4457 827 4525; x_wconf 85' lang='lat' dir='ltr'><em>Seebess,</em></span> <span class='ocrx_word' id='word_1_343' title='bbox 854 4459 1008 4526; x_wconf 81' lang='lat' dir='ltr'><em>‘Repelbncle</em></span> <span class='ocrx_word' id='word_1_344' title='bbox 1037 4459 1178 4512; x_wconf 85' lang='lat' dir='ltr'><em>Benedilcts</em></span> <span class='ocrx_word' id='word_1_345' title='bbox 1205 4473 1255 4510; x_wconf 91' lang='lat' dir='ltr'><em>von</em></span> <span class='ocrx_word' id='word_1_346' title='bbox 1282 4455 1408 4520; x_wconf 84' lang='lat' dir='ltr'><em>Aniene&#39;,</em></span> <span class='ocrx_word' id='word_1_347' title='bbox 1435 4508 1439 4515; x_wconf 58' lang='lat'><em>.</em></span> 
     </span>
    </p>
   </div>
   <div class='ocr_carea' id='block_1_6' title="bbox 0 0 1617 5030">
    <p class='ocr_par' dir='ltr' id='par_1_6' title="bbox 0 0 1617 5030">
     <span class='ocr_line' id='line_1_47' title="bbox 0 0 1617 5030; baseline 0 0"><span class='ocrx_word' id='word_1_348' title='bbox 0 0 1617 5030; x_wconf 95' lang='lat' dir='ltr'><em> </em></span> 
     </span>
    </p>
   </div>
  </div>
 </body>
</html>
