3222 5030
421 485 548 556 IONAS,
562 485 682 542 VITAE
702 486 930 544 conUMBAM
948 489 1057 545 LIBRI
1075 489 1113 548 II.
1294 495 1328 552 19

206 669 320 734 electus
346 668 523 734 Deusdedit
552 668 715 754 episeopus
744 669 950 736 ordinaretur
960 672 981 735 ¹.
1026 673 1119 738 Inter
1148 673 1329 754 defensores

208 757 305 822 trium
344 757 553 840 capitulorum
590 759 810 841 sparpebatnr,
850 761 1023 827 haereticos
1060 761 1133 827 illos
1169 763 1326 846 antiquos,

208 846 327 912 scilicet
341 847 517 930 Eutychen,
535 847 728 929 Nestorium,
745 847 945 931 Dioscorum,
969 873 991 914 a
1013 849 1130 934 Vipilio
1153 851 1191 916 in
1208 853 1328 935 synodo

208 956 304 1017 quom
334 935 405 1000 diui
438 935 793 1018 Constantinopolitano
826 945 962 1020 receptos
996 959 1070 1004 esse.
1118 939 1194 1006 Sodi
1227 940 1328 1024 ipitnr

174 1024 399 1108 sapostolicoe
421 1024 513 1089 tuitio
535 1025 765 1091 haereticorum
786 1025 1003 1107 imputabatur
1025 1049 1140 1108 eorum,
1171 1029 1227 1111 qui
1250 1051 1327 1095 ona·

208 1112 339 1178 themati
376 1112 554 1179 subiciendi
590 1113 737 1193 fuissent.
795 1115 1008 1181 Columbauus
1042 1116 1177 1182 Italiam
1214 1117 1327 1184 adicus

202 1223 307 1284 paene
329 1201 366 1268 in
388 1202 501 1286 primo
530 1201 677 1284 inpressu
706 1203 821 1268 litteris
843 1204 1024 1269 admonitus
1045 1211 1124 1287 erut,
1153 1212 1189 1270 nt
1204 1227 1327 1288 papam

208 1297 330 1356 coomet
357 1290 394 1356 in
424 1290 569 1356 Nestorii
602 1297 717 1356 sectam
752 1293 932 1374 collapsum.
989 1295 1079 1376 Qrcod
1110 1300 1146 1358 nt
1175 1295 1327 1360 attonitus

203 1379 310 1462 primo
332 1379 463 1445 minime
486 1379 629 1462 credidit,
660 1379 708 1446 ita
730 1402 765 1446 re
788 1381 970 1447 accuratius
993 1382 1194 1448 considerata
1215 1389 1327 1466 postea

163 1493 190 1532 io
207 1468 370 1534 ueritatem
399 1468 583 1551 dilipentius
612 1469 779 1553 euplorare
802 1469 964 1535 coustituit
985 1491 1227 1554 responsumque
1250 1493 1327 1538 omn-

203 1578 329 1640 poueus
345 1579 454 1640 papoe
476 1559 521 1622 ad
542 1558 742 1640 relepeudnm
760 1581 799 1624 ae
814 1561 1056 1625 concertandum
1071 1559 1167 1625 misit.
1212 1561 1328 1626 Omnes

208 1646 292 1711 enim
321 1646 441 1712 Hiberi
472 1647 572 1712 solam
602 1647 816 1730 eoonpelicom
845 1654 875 1712 et
907 1648 1110 1729 apostolicam
1148 1649 1326 1715 doctrinam

208 1734 373 1800 admittere
388 1735 451 1800 sibi
465 1734 655 1800 uidebantur
670 1742 762 1818 atque
776 1736 814 1800 iu
829 1757 863 1802 eo
879 1737 1010 1802 multum
1022 1737 1161 1820 ploriari
1176 1739 1325 1823 solebant,

202 1824 330 1888 'nullum
360 1824 560 1906 haereticum,
589 1825 712 1889 nullum
742 1825 912 1907 Iudaeum,
943 1826 1066 1890 nullum
1093 1825 1327 1892 schismaticum

162 1939 190 1978 is
207 1912 292 1978 iuter
314 1934 347 1978 se
375 1911 485 1994 fuisse,
515 1915 572 1978 sed
598 1915 694 1993 [idem
723 1910 919 1995 catholicam,
950 1914 1031 1979 sicut
1053 1917 1093 1980 ab
1116 1917 1327 1996 apostolorum

207 2003 437 2067 successoribus
466 2002 586 2066 tradita
616 2008 702 2083 esset,
737 2002 784 2068 ita
814 2004 854 2068 ab
883 2001 964 2084 ipsis
992 2010 1028 2067 nt
1056 2003 1147 2068 Petri
1175 2010 1205 2068 et
1226 2003 1327 2069 Pauli

208 2089 375 2172 discipulis
403 2091 624 2156 inconcussam
654 2090 762 2156 teneri.
816 2091 989 2156 Praeterea
1018 2113 1075 2156 reu
1103 2091 1170 2174 ipse
1199 2092 1325 2174 Lanpo-

208 2181 379 2244 bardorum
408 2201 475 2268 uuo
505 2201 572 2245 curn
604 2179 719 2262 repiua
754 2179 980 2245 Columbauum
1010 2187 1186 2262 reponeret,
1219 2187 1255 2245 nt
1283 2181 1328 2246 ad

86 2339 88 2342 ,
201 2289 327 2351 popam
350 2289 479 2334 causam
503 2269 648 2349 deferret,
671 2275 708 2332 ut
722 2267 860 2334 schisma
876 2269 1034 2334 tolleretur
1051 2275 1174 2350 totaque
1196 2268 1326 2334 ecclesio

160 2383 190 2424 20
208 2356 363 2422 catholico
396 2378 492 2438 quam
525 2356 685 2423 celerrime
720 2357 756 2421 in
788 2379 887 2422 nucem
922 2363 1088 2440 soporetur.
1142 2358 1325 2441 Apilulfum

207 2445 344 2524 fortasse
367 2445 512 2511 diutinae
535 2445 713 2511 discordiae
736 2447 879 2512 taedebat
898 2452 954 2510 out
971 2449 1016 2511 ad
1029 2447 1125 2526 Jtdem
1141 2445 1325 2513 catholicam

207 2533 273 2598 iam
301 2535 494 2616 propensior
521 2535 627 2614 factus
661 2541 739 2616 erat,
773 2541 941 2616 postquam
975 2535 1132 2601 haeresim
1161 2535 1326 2600 Arionem

206 2644 295 2704 repes
324 2624 610 2706 Lanpobordorum
640 2645 674 2688 eo
702 2645 799 2706 usque
828 2625 1058 2705 firmauerunt,
1091 2623 1211 2689 dimisse
1240 2624 1325 2688 euim

206 2712 320 2793 fertior,
344 2711 374 2778 si
397 2719 514 2778 certum
537 2712 639 2794 sciret,
663 2733 696 2778 se
716 2719 745 2777 et
762 2712 867 2794 ipsum
883 2713 1075 2778 crediturum
1090 2735 1164 2778 esse.
1206 2712 1325 2779 Colum·

159 2827 188 2868 ns
207 2803 310 2866 bonus
332 2801 525 2884 peremimus
547 2801 615 2866 iam
637 2801 849 2881 Bonifatium
872 2823 995 2884 papum
1018 2801 1152 2883 epistula
1182 2802 1259 2867 dato
1288 2801 1325 2866 in

207 2911 300 2954 arma
322 2890 478 2955 suscitare
507 2892 691 2971 conabatur,
722 2896 758 2955 ut
786 2889 943 2972 cipiloret,
974 2891 1062 2955 omni
1084 2890 1261 2973 postposita
1282 2911 1325 2955 se·

207 2978 349 3060 cnritate,
377 3000 566 3061 causamque
589 2978 770 3044 schismatis
792 2980 913 3045 cultello
937 2975 971 3041 S.
995 2979 1094 3060 Petri,
1125 2979 1228 3044 idest
1251 2999 1326 3044 uera

206 3067 244 3131 in
266 3069 384 3152 spuodo
407 3068 486 3148 ndu
511 3067 722 3150 professione,
752 3067 856 3133 incidi
885 3067 992 3132 uoluit.
1039 3068 1116 3151 Ipse
1138 3068 1222 3133 euim
1245 3073 1326 3132 totus

208 3157 252 3220 od
274 3163 404 3240 portem
435 3159 602 3222 adversam
632 3156 807 3222 transierat
835 3177 944 3238 eosque
974 3155 1119 3221 londooit
1140 3156 1196 3236 qui
1219 3177 1326 3237 papae

159 3272 189 3312 io
207 3244 388 3310 resisterent
415 3267 514 3328 neque
544 3267 613 3311 oum
642 3245 714 3330 ipso
750 3245 1017 3310 corumuniearent
1046 3244 1208 3326 iuniores,
1241 3243 1327 3323 lilios

207 3334 366 3399 contendit
393 3334 431 3399 in
461 3341 557 3418 caput
586 3355 749 3400 couversos
779 3355 852 3414 esse,
884 3333 914 3398 si
943 3354 1019 3398 uero
1049 3339 1150 3397 essent
1179 3354 1217 3397 eo
1246 3352 1327 3414 quoe

206 3423 422 3504 culparentur,
441 3445 563 3507 papam
586 3429 691 3488 autem
713 3422 750 3486 in
773 3423 918 3488 caudam.
954 3421 1000 3486 Ei
1021 3421 1175 3487 maiorem
1193 3420 1326 3487 auctori-

207 3516 301 3576 tatem
334 3511 499 3578 uindicare
533 3513 644 3594 noluit,
680 3511 881 3577 dissentiente
915 3532 948 3576 se
976 3510 1065 3593 ipso,
1102 3532 1194 3576 suam
1224 3517 1328 3576 autem

207 3599 388 3682 opinionem
418 3602 518 3666 solam
547 3600 676 3666 ueritati
705 3602 893 3682 respondere
926 3599 1159 3682 imperterritus
1188 3599 1327 3682 satisque

157 3713 188 3755 ss
206 3687 406 3770 inportunus
429 3691 645 3755 demonstrare
667 3689 845 3755 nitebatur:
868 3689 948 3754 Non
969 3691 1071 3768 enim,
1095 3689 1209 3771 iuquit,
1234 3689 1328 3774 apud

206 3799 269 3842 nos
293 3799 447 3864 persono,
472 3780 532 3844 sod
556 3779 646 3843 ratio
669 3779 772 3844 valet.

315 3884 414 3950 Hauc
437 3885 603 3968 epistulam
619 3883 803 3950 Mediolani
818 3884 975 3966 annisque
992 3880 1103 3967 612l3.
1120 3885 1329 3966 conscriptam

206 3993 272 4037 esse
290 3976 408 4055 patt2,
434 3995 504 4040 cum
527 3975 615 4056 apud
637 3973 819 4056 Apilulfrmt
842 3994 945 4056 repom
972 3980 1100 4039 sanctus
1131 3976 1326 4039 versabatur.

207 4181 234 4305 ἒξ
256 4181 335 4250 (trop.
352 4183 417 4250 Bep.
429 4184 481 4249 XI,
493 4185 510 4239 6
515 4200 528 4247 ;
547 4183 777 4249 Jofftn.1796².
850 4185 878 4249 ί2)
899 4183 964 4238 Ma.
983 4183 1035 4250 Ep.
1053 4183 1109 4245 III,
1123 4200 1153 4250 p.
1168 4185 1227 4249 172,
1247 4183 1264 4237 l.
1278 4185 1325 4237 30:

156 4269 187 4308 40
232 4267 280 4305 coe
293 4255 491 4308 conturbantur
502 4258 605 4323 gentes,
624 4254 791 4307 inclinantur
802 4271 894 4322 regna,
910 4271 978 4320 quoe
993 4253 1071 4305 corbo
1087 4255 1124 4305 ad
1139 4269 1183 4306 res
1198 4271 1224 4305 a.
1237 4255 1328 4319 612J3.

206 4329 296 4389 postas
320 4326 463 4389 reformido
489 4342 543 4377 esse
564 4329 704 4393 perspexit
730 4326 762 4380 G.
781 4327 882 4390 Hertel,
904 4314 987 4376 ‘llber
1004 4326 1049 4376 des
1067 4325 1093 4378 h.
1107 4325 1232 4377 Columba
1244 4324 1329 4377 chcn

206 4397 265 4447 und
283 4395 429 4464 Schriften,
456 4397 596 4449 besonders
620 4397 687 4448 dbcr
704 4399 774 4448 setim
792 4395 981 4461 Ktostcrrcpet’
1001 4395 1102 4461 (ltlpcn
1127 4397 1184 4446 und
1202 4396 1329 4461 Ntoduor,

209 4465 378 4532 ‘thtschrift
396 4471 447 4533 ίαν
464 4469 507 4520 die
525 4467 621 4526 histor,
638 4467 795 4534 Theotopi'e',
817 4466 918 4519 (lothar
939 4469 1016 4532 1875,
1030 4483 1060 4532 p.
1074 4469 1248 4534 396-454).

1114 4553 1147 4610 2*
