3226 5034
287 453 341 506 304
526 444 651 513 IONAS,
663 444 760 500 VITA
773 443 963 499 VEDASTIS
979 442 1162 500 EPISOOPI.

288 630 470 716 opinionem
499 629 541 694 F.
565 629 696 694 Juboru
727 648 828 710 nuper
861 625 1035 692 renouauit.
1087 625 1138 690 Hi
1170 625 1271 708 ipitur
1302 647 1406 708 repom

288 719 454 785 basilicam
478 719 512 784 S.
524 716 670 782 Martini
685 717 898 781 Turonensem
917 739 947 780 a.
963 721 1038 778 508.
1054 715 1174 780 adiisse
1194 736 1260 780 non
1278 722 1404 797 nepont,

288 808 476 890 baptismum
498 827 571 872 vero
588 806 780 871 contendunt
797 827 828 869 a.
846 811 921 869 496.
945 803 1056 869 Ronis
1074 803 1286 885 praecessisse
1307 825 1407 886 neque

287 899 482 962 subsecutum
505 917 580 976 esse,
610 895 658 959 ito
686 900 723 958 ut
745 900 840 960 totam
863 914 971 958 rerum
994 899 1145 958 naturam
1169 892 1316 957 Nicetius
1337 895 1406 957 sub-

287 986 437 1052 vertisset.
484 984 596 1049 Huius
623 982 878 1066 perturbationis
911 1003 1041 1047 causam
1070 981 1112 1046 F.
1136 982 1268 1047 Jubaru
1301 981 1441 1046 attulite

288 1075 369 1141 sotis
400 1073 550 1154 alienam,
585 1071 704 1138 scilicet
735 1070 944 1136 reverentiam
977 1072 1010 1137 S.
1034 1070 1185 1135 Martino
1212 1069 1407 1154 praestitam

288 1162 454 1244 efficacius
477 1168 588 1228 contra
606 1160 752 1225 Arianos
774 1166 993 1242 arpumentum
1016 1159 1117 1239 fnisse
1141 1160 1301 1242 baptismo,
1325 1159 1407 1224 idea-

288 1274 347 1334 que
377 1252 467 1316 ittam
490 1256 563 1316 anto
585 1250 669 1314 bunc
692 1271 713 1314 a
737 1249 863 1314 Nicetio
885 1249 967 1313 mate
991 1249 1173 1314 collocatam
1196 1269 1269 1313 esse.
1316 1248 1407 1312 Mibi

290 1348 393 1406 autem
427 1339 493 1424 ipsi
531 1338 684 1420 baptismo
718 1359 872 1402 summam
906 1337 971 1402 uim
1005 1359 1026 1402 a
1061 1337 1187 1402 Nicetio
1221 1337 1406 1402 attributam

288 1430 501 1510 videturesse,
518 1448 649 1510 quocum
664 1426 838 1508 triumphos
851 1428 888 1491 do
899 1425 1067 1491 haereticis
1079 1432 1181 1508 pastos
1196 1425 1405 1506 coniunxerit,
1427 1450 1457 1489 ιο

289 1525 382 1600 atauo
404 1517 492 1582 nullo
515 1519 605 1581 morto
630 1518 827 1597 persuadere
855 1515 936 1580 mibi
959 1536 1091 1596 possum
1120 1516 1255 1580 atteram
1277 1537 1343 1580 rem
1366 1515 1406 1580 ab

288 1608 391 1672 attero
413 1605 561 1688 separari
584 1604 686 1686 licere,
709 1625 846 1686 qnorum
866 1606 968 1669 attera
989 1604 1124 1669 atteram
1139 1610 1405 1686 praeparauerat.

290 1697 400 1777 Neque
429 1717 467 1760 eo
496 1716 576 1776 quae
603 1700 774 1776 praetereo
802 1693 840 1757 in
871 1694 904 1758 S.
935 1693 1081 1758 Martini
1111 1692 1276 1758 basilicam
1310 1693 1408 1756 Turo-

288 1805 416 1850 nensem
444 1784 528 1849 istem
557 1783 609 1847 air
631 1784 738 1847 doctus
771 1781 878 1846 attutit
910 1783 1088 1864 approbare
1115 1802 1255 1864 possum,
1290 1780 1410 1846 scilicet

289 1873 504 1956 baptisterium
528 1871 592 1954 ipsi
620 1894 641 1936 a
669 1870 824 1953 (insanio
846 1871 969 1935 demum
991 1870 1136 1936 additum
1158 1891 1223 1935 esse
1245 1890 1408 1952 repemque
1427 1892 1455 1932 ια

288 1963 335 2028 ibi
358 1962 550 2044 baptizatum
573 1981 639 2025 esse
661 1981 726 2024 non
743 1980 845 2040 posse,
870 1959 946 2040 quia
970 1959 1038 2024 eius
1061 1981 1136 2024 aeuo
1157 1980 1222 2023 non
1245 1958 1405 2040 extitisset,

289 2052 325 2116 m
353 2053 437 2132 quod
465 2057 574 2116 auctor
597 2047 764 2113 Historiae
787 2048 990 2113 Francorum
1020 2069 1085 2112 nou
1107 2048 1294 2130 ipnorasset.
1339 2047 1406 2112 Ba-

288 2140 413 2206 silicam
428 2139 513 2204 enim
531 2139 668 2204 obsolute
684 2137 825 2219 positam
840 2139 884 2201 act
899 2134 933 2200 S.
950 2136 1095 2201 Martini
1110 2139 1198 2220 apud
1216 2137 1407 2219 Greporium

288 2250 409 2311 semper
430 2229 633 2307 referendam
663 2247 728 2290 esse
750 2225 805 2290 itte
827 2225 1029 2290 existimauit.
1080 2227 1171 2308 Quod
1191 2232 1225 2289 ut
1247 2225 1296 2290 ito
1318 2231 1404 2306 esset,

199 2375 202 2382 ,
289 2325 394 2383 tamen
428 2317 603 2398 Gregorius
642 2315 711 2398 ipse
746 2335 819 2378 mon
855 2317 892 2380 cle
930 2315 993 2379 ‘itta
1023 2315 1170 2397 priore
1212 2310 1403 2395 baptisterio'
1426 2339 1457 2377 20

289 2407 407 2471 tocutus
451 2405 516 2471 est1
561 2411 654 2486 atque
700 2401 745 2468 ‘in
794 2403 977 2486 baptisterio
1020 2407 1066 2469 ad
1109 2403 1284 2469 bositicom'
1329 2403 1405 2466 Per-

282 2502 398 2577 petuus
453 2493 616 2578 episcopus
669 2492 864 2557 Turonensis
915 2493 982 2557 iam
1032 2493 1156 2558 saecuto
1200 2493 1236 2556 V.
1276 2490 1406 2574 cipitios

288 2586 392 2648 eodem
422 2589 494 2648 teste
523 2583 733 2648 celebraverat
741 2583 762 2645 2.
821 2580 903 2646 ane
931 2603 1013 2663 uero,
1044 2603 1084 2646 ue
1107 2579 1322 2666 propositioni
1354 2579 1405 2644 ibt'

289 2673 423 2737 nimiam
456 2673 551 2752 fidem
580 2670 713 2750 tribuas,
748 2692 825 2734 nam
860 2669 1025 2735 basilicam
1058 2670 1149 2735 ittam
1178 2677 1309 2751 utroque
1340 2669 1405 2734 toco

288 2761 441 2826 maiorem
469 2781 568 2842 neque
592 2760 625 2824 S.
648 2758 794 2823 Martini
823 2758 962 2841 inteltepi
991 2760 1057 2824 cult
1085 2759 1137 2823 air
1159 2760 1274 2824 barum
1297 2779 1405 2823 rerum
1426 2783 1457 2822 ee

283 2850 499 2932 peritissimus
508 2851 529 2911 ³.
586 2847 822 2931 Baptisterium
859 2847 889 2911 si
926 2847 1020 2912 atteri
1058 2848 1204 2914 ecciesiae
1238 2847 1404 2927 adsueris,

288 2939 383 3004 atteri
404 2939 488 3004 idem
511 2937 681 3002 attribuere
704 2957 826 3001 necesse
844 2943 889 3001 eet
912 2944 1003 3018 atque
1025 2959 1091 3002 nau
1112 2939 1244 3002 muttum
1266 2937 1404 3016 interest,

287 3035 394 3093 atrum
411 3029 444 3093 S.
461 3026 607 3092 Martini
623 3048 668 3090 an
686 3024 787 3090 otiam
809 3025 900 3090 urbis
918 3025 1115 3092 Turonensis
1136 3026 1298 3091 ecetesiam
1321 3031 1405 3090 onte-

283 3117 439 3199 posueris.
491 3116 579 3182 Gerte
603 3116 748 3180 Turonos
778 3112 818 3177 F.
841 3115 972 3180 Jubaru
1001 3115 1100 3180 leuius
1130 3115 1297 3180 exclusisse
1324 3113 1406 3177 mibi

288 3206 413 3270 uidetur
434 3227 530 3287 quam
549 3210 715 3288 parerat,
742 3209 777 3266 ut
798 3206 906 3269 urbem
929 3204 1114 3269 Remonsem
1136 3204 1342 3284 substitueret,
1366 3224 1406 3267 eu
1425 3228 1456 3266 sa

288 3316 353 3377 quo
371 3295 504 3360 satutem
524 3292 736 3360 christianam
751 3292 894 3358 Francis
909 3299 1050 3357 coortam
1065 3313 1130 3358 esse
1145 3292 1273 3356 omnino
1289 3298 1406 3357 certum

289 3384 412 3464 babuit,
447 3404 545 3464 neque
577 3381 615 3446 in
649 3379 838 3446 adhibendis
870 3381 1013 3461 fontibus
1045 3381 1165 3446 iudicio
1198 3380 1278 3446 satis
1311 3383 1405 3460 firmo

289 3493 409 3554 semper
430 3493 507 3536 usus
522 3477 575 3553 est,
592 3477 621 3536 et
636 3470 779 3536 obortam
795 3470 961 3536 Ludouici
976 3470 1033 3535 Pii
1048 3476 1222 3552 suspectam
1237 3469 1406 3534 admittens

289 3568 318 3629 et
340 3561 565 3626 Hincmarum.

396 3650 452 3714 Ao
485 3648 593 3714 domni
627 3648 773 3714 Martini
806 3647 923 3712 iimina
961 3647 1195 3714 Obtodouecbus
1231 3668 1297 3712 nan
1333 3653 1407 3712 ante
1426 3671 1456 3710 es

290 3738 401 3805 cecidit
430 3745 459 3803 et
487 3760 519 3803 se
549 3737 778 3822 baptizandum
808 3737 940 3818 curauit,
970 3757 1064 3818 quom
1093 3739 1232 3818 probata
1255 3735 1405 3818 capnoait,

290 3835 412 3910 quanta
434 3827 472 3892 in
495 3826 718 3892 catholicorum
741 3825 879 3891 ecclesiis
898 3825 1058 3890 miracuta
1080 3828 1192 3906 fierent
1214 3845 1313 3906 neque
1334 3845 1407 3888 aero

289 3918 327 3982 in
342 3917 552 3996 Arianorum,
572 3917 657 3980 unde
673 3915 774 3980 conici
797 3914 876 3995 ticet,
899 3914 984 3979 inter
1006 3921 1172 3995 utramque
1193 3915 1289 3994 ficiem
1303 3912 1408 3994 ipsum

290 4006 471 4087 haesitasse,
496 4012 589 4086 atque
607 4003 836 4070 baereticorum
855 4003 993 4086 dopmati
1009 4002 1247 4068 Lanteebitdem
1268 4021 1408 4067 sororem
1517 4063 1520 4070 .

256 4125 258 4130 ·
289 4095 392 4178 ipsius
414 4093 553 4160 deditam
575 4092 675 4174 fuisse
698 4093 849 4158 constat4.
897 4091 1109 4158 Scbismatum
1135 4097 1300 4156 sectatores
1322 4089 1459 4173 roaisio

292 4279 318 4350 1)
334 4280 422 4346 Grec,
437 4279 471 4333 H.
484 4278 533 4333 Fr.
546 4277 583 4342 X,
597 4279 630 4332 31
644 4276 704 4343 (SS.
717 4292 772 4330 rer.
785 4276 883 4330 Moror.
896 4277 920 4341 I,
934 4293 964 4344 p.
977 4277 1039 4339 449,
1049 4277 1087 4338 2).
1147 4277 1174 4342 2)
1193 4275 1234 4329 Ib.
1250 4292 1279 4342 p.
1291 4276 1354 4339 445,
1364 4277 1407 4329 20.

290 4350 532 4487 ibiime'
551 4346 657 4415 ’θέαμα
676 4349 707 4400 dc
725 4347 752 4399 la
773 4347 866 4398 Gauls'
881 4363 911 4413 p.
925 4348 985 4402 246.
1004 4349 1065 4402 247.
1137 4349 1166 4414 4)
1193 4346 1283 4413 (ἔνθα,
1301 4346 1338 4401 H.
1357 4345 1407 4400 Fr.
