3226 5034
354 1325 508 1423 VITA
545 1327 872 1426 IOHANNIS
905 1330 1193 1429 ABBATIS

543 1472 1004 1572 REOMAENSIS.

307 1663 484 1747 *Iobouuis
512 1683 740 1748 moucsterium
762 1683 799 1749 iu
827 1683 1060 1750 Termdoreusi
1083 1707 1170 1768 popo
1194 1685 1333 1751 ciuitatis
1351 1671 1510 1776 ’ῗῗέᾒὸζῗ

212 1769 429 1852 Liuqoueusis
457 1771 543 1837 iuter
564 1772 827 1838 Hormeutiouem
855 1779 884 1838 et
907 1773 1061 1838 Sideuam
1089 1774 1208 1852 fluvios
1236 1775 1332 1839 situm

175 1866 281 1923 serat
310 1859 383 1940 loco,
414 1859 470 1942 qui
500 1860 575 1924 olim
605 1860 765 1926 Reomous
794 1863 973 1926 uocabatur.
1034 1862 1101 1928 Ubi
1129 1884 1199 1927 cum
1229 1864 1332 1928 Iouas

211 1948 309 2012 abbas
327 1948 406 2031 cpoli
429 1948 609 2013 Victoriam
626 1949 752 2031 repetiti
770 1973 801 2015 o.
821 1957 893 2032 100,
917 1950 940 2014 i.
960 1972 986 2014 e.
1000 1973 1036 2031 p.
1058 1951 1134 2016 Obr.
1154 1974 1186 2016 u.
1206 1973 1237 2015 a.
1256 1959 1330 2034 659,

210 2058 315 2101 meuse
344 2037 525 2118 Nouembri,
556 2037 692 2120 itiueris,
723 2041 808 2121 quod
834 2039 1017 2104 Oblotbarii
1045 2039 1130 2121 repis
1159 2041 1332 2123 matrisque

211 2124 278 2190 eius
300 2125 479 2191 Baltbildis
501 2126 591 2191 iussu
619 2126 819 2193 Cabillonum
841 2128 988 2209 faciebat,
1013 2127 1120 2194 labore
1142 2129 1247 2208 fessus
1267 2151 1331 2212 per

78 2219 82 2226 '
204 2235 329 2297 paucos
344 2214 411 2279 dies
423 2214 601 2297 quiesceret,
618 2216 761 2296 fratrum
769 2216 919 2298 precibus
930 2217 1039 2299 uictus,
1056 2218 1161 2283 saucii
1175 2220 1330 2284 actualem

166 2323 193 2361 10
210 2302 308 2367 oitam
330 2303 567 2386 spiritalemque
585 2305 883 2388 comtemplationem,
906 2305 1064 2388 quidquid
1078 2327 1141 2388 per
1158 2307 1330 2389 discipulos

204 2398 407 2474 posterosque
444 2400 634 2475 compertum
671 2401 756 2475 erat,
800 2394 914 2459 litteris
950 2395 1117 2461 maudooit
1154 2395 1330 2478 librumque

210 2481 376 2546 Huuuaui
398 2481 501 2563 ipsius
522 2482 710 2548 mouasterii
732 2483 841 2548 obbati
863 2483 991 2549 dicauit.

317 2570 481 2635 Iobauues
503 2593 538 2636 eo
567 2578 640 2636 teste
668 2571 706 2636 iu
727 2572 849 2651 [imbus
875 2573 1124 2638 Teruodoreusis
1153 2574 1260 2656 castri,
1291 2573 1328 2639 iu

209 2657 288 2722 oilla
319 2679 400 2740 quoe
434 2661 672 2741 Quartam'acus
705 2661 876 2727 vocabatur
904 2664 950 2727 acl
976 2661 1158 2728 Bricleuam
1191 2663 1328 2742 fluuium

166 2767 192 2806 15
209 2747 273 2811 sita
307 2770 329 2812 a
358 2749 550 2830 pareatibus
583 2771 648 2815 uou
682 2749 880 2833 iquobilibus,
913 2757 1009 2833 patre
1042 2751 1187 2834 Hiberia,
1226 2759 1328 2817 matre

213 2836 326 2918 Quieta
360 2843 448 2902 ortus
481 2845 559 2920 erat,
595 2860 756 2921 ouuosque
790 2839 916 2905 circiter
946 2847 987 2904 20
1022 2847 1127 2922 uatus,
1156 2847 1328 2924 postquam

201 2945 400 3008 perparcum
428 2925 466 2990 iu
494 2927 600 2992 uatali
622 2929 687 2992 solo
710 2928 884 2992 oratorium
908 2928 1057 3008 coadidit,
1088 2930 1204 2992 saltum
1234 2929 1326 3009 odiit,

208 3033 299 3092 quem
315 3020 426 3093 postea
448 3015 675 3078 mouosterium
697 3018 876 3096 occupabat.
923 3016 1103 3080 Mouacbos
1130 3037 1164 3080 eo
1186 3016 1327 3097 uuolique

209 3102 401 3178 couflueutes
423 3103 551 3183 repulae
573 3103 724 3184 subiecit,·
754 3109 906 3167 cresceute
929 3109 1033 3167 autem
1056 3125 1162 3167 eorum
1185 3125 1325 3186 uumero,

163 3211 190 3247 20
207 3188 320 3252 melius
342 3188 405 3254 sibi
427 3190 497 3268 fore
519 3197 611 3255 ratus
634 3190 711 3255 aliis
734 3191 876 3254 oboedire
898 3212 994 3272 quam
1017 3192 1187 3274 domiuari,
1218 3214 1325 3257 mouu-

207 3276 337 3341 sterium
360 3277 490 3359 reliquit
517 3285 547 3343 et
569 3281 613 3344 orl
634 3278 853 3360 reliqiosorum
875 3301 977 3344 mores
999 3281 1181 3346 accuratius
1197 3282 1325 3363 perqui-

207 3369 322 3430 reuolos
355 3367 512 3431 Leriuum
546 3388 579 3432 se
613 3367 757 3448 coutul't,
795 3367 851 3432 ubi
884 3367 1057 3450 disciplima
1090 3369 1251 3452 reqularis
1284 3370 1325 3434 ab

207 3455 375 3520 Houorato
397 3455 544 3520 iustituto
567 3455 737 3521 etiamtum
758 3456 903 3534 florebat.
949 3457 1014 3524 Ubi
1036 3479 1106 3524 cum
1123 3480 1184 3540 per
1202 3481 1325 3524 auuum

206 3549 236 3607 et
252 3543 422 3609 dimidium
439 3544 619 3627 incoquitus
635 3544 798 3610 lumiliter
814 3545 968 3628 seruisset,
988 3549 1028 3612 ab
1047 3549 1171 3613 adaeuo
1189 3549 1324 3630 quodam

162 3655 188 3692 ss
206 3632 336 3714 oquitus
359 3640 388 3698 et
410 3657 431 3698 a
458 3633 614 3716 Greqorio
637 3634 778 3717 episcopo
800 3635 1001 3717 Liuqoueusi
1030 3639 1075 3702 ad
1095 3637 1324 3702 monasterium

206 3721 387 3788 derelictum
405 3729 567 3788 reuocatus
585 3729 648 3788 est:
670 3725 752 3788 duos
770 3723 855 3788 euim
871 3723 926 3789 ille
944 3725 1094 3806 epistulas
1111 3747 1150 3791 ea
1168 3727 1206 3791 de
1225 3749 1324 3792 causa

205 3809 344 3893 miserat,
374 3833 473 3876 uuam
503 3814 548 3877 acl
576 3812 847 3894 couqreqatiouem
869 3813 1086 3895 Leriueusem,
1118 3815 1252 3880 alteram
1279 3817 1324 3880 ad

205 3906 349 3964 sauctmu
382 3901 496 3983 ipsum.
548 3901 724 3984 Repressus
757 3901 878 3980 fratres
911 3904 956 3968 ad
987 3903 1136 3969 Macarii
1169 3905 1321 3986 rapulam,

205 3987 369 4054 assisteute
391 3989 551 4055 Filomere
573 3990 734 4072 mouaobo,
765 3992 926 4072 educabat,
957 3992 1075 4058 scilicet
1095 3999 1131 4057 ut
1153 3992 1323 4057 laboriosis

159 4098 187 4138 so
205 4077 350 4156 operibus
384 4077 482 4144 dediti
516 4079 585 4143 loca
618 4079 760 4144 saltuosa
793 4080 918 4144 cultura
952 4083 1119 4147 redderem
1148 4080 1319 4160 fertiliora.

204 4165 362 4247 Eaempla
382 4167 477 4232 istius
500 4167 620 4232 laboris
648 4167 685 4231 iu
707 4167 873 4232 miraculis
895 4168 1086 4250 afferuutur,
1117 4191 1197 4250 quae
1221 4175 1321 4250 poste·

203 4253 320 4318 riorem
343 4255 435 4320 Vitae
450 4262 579 4338 partem
593 4255 793 4337 potissimum
813 4265 973 4339 occupaut,
997 4258 1102 4339 ibique
1121 4257 1216 4322 etiam
1235 4264 1321 4322 certa

203 4348 377 4426 temporum
406 4344 530 4410 iudicia
559 4344 842 4426 deprebeuduutur,
872 4345 991 4411 scilicet
1013 4346 1169 4412 Nicasius
1200 4343 1319 4412 ‘euram

203 4431 252 4496 rei
276 4433 423 4513 publicae
446 4432 691 4498 administraus'
715 4432 752 4514 (c.
776 4432 837 4517 ll),
867 4434 937 4499 siue
960 4435 1054 4500 dubio
1078 4456 1177 4500 comes
1199 4436 1320 4501 castelli

254 4553 266 4592 1
267 4564 330 4594 ooooo
1105 4539 1140 4594 21
