3226 5034
172 1533 208 1584 ⁸9.
216 1535 263 1578 608.

102 3278 264 3383 narrisius.

280 445 334 498 330
522 439 647 509 lONAS,
660 439 756 494 VITA
773 439 964 496 IOHANNIS
982 438 1158 494 ABBATIS.

281 625 394 688 castro
418 627 550 707 septem
574 623 714 687 milibus
737 623 845 700 abest,
876 623 1022 686 introiit.
1069 622 1288 706 Repertoque
1312 621 1400 698 1000,

280 713 317 776 in
347 733 415 795 quo
445 717 522 796 tyro
550 713 680 778 christi
711 713 895 788 habitaret,
931 714 967 776 et
1002 711 1138 776 celestis
1173 711 1300 774 milicie
1334 710 1401 772 ful·

281 806 419 884 gentem
440 822 555 866 ensem
574 801 743 876 baiulans,
768 821 836 884 quo
855 803 965 864 ostem
984 801 1216 864 adversarium
1236 799 1401 864 bellando

280 889 474 974 repelleret,
498 911 603 954 ovans
626 891 776 956 resedit*
798 889 858 952 ibi.
897 889 967 954 Ubi
985 890 1089 954 etiam
1110 891 1185 953 erat
1204 891 1338 972 puteus,
1362 889 1400 950 in

281 1000 348 1062 quo
373 1000 512 1063 serpens
541 979 634 1043 inter
657 980 793 1044 deserta
816 979 948 1062 positus
972 978 1165 1043 habitabat.
1213 976 1289 1056 Quo
1312 998 1401 1041 com·
1425 999 1443 1038 s

281 1073 390 1152 perto,
415 1089 493 1132 cum
517 1068 692 1132 sodalibus
716 1061 781 1132 adb
802 1072 945 1151 puteum
962 1067 1067 1143 venit,
1086 1067 1228 1149 Deoque
1244 1067 1401 1130 oratione

281 1161 431 1241 peracta,
456 1159 620 1240 puteum⁰
641 1178 709 1240 quo
733 1159 869 1240 poterat
889 1157 991 1220 modo
1010 1157 1053 1220 de
1077 1156 1249 1219 industria
1271 1155 1401 1238 inquie-

280 1247 370 1309 tavit
393 1266 433 1309 ac
458 1246 618 1330 deinceps
637 1250 832 1329 serpentem
855 1246 1014 1309 nocivum
1038 1248 1212 1308 mortuum
1236 1245 1400 1328 repperit.

280 1335 496 1417 Abiectoque
513 1355 553 1398 eo
570 1335 690 1418 procul
709 1356 730 1398 a
748 1334 833 1411 loco,
858 1334 975 1416 ibique
994 1328 1217 1417 quantisper(1
1236 1336 1400 1409 moratus,

282 1423 438 1488 cenobii1
461 1423 574 1487 locum
595 1424 787 1487 construxit
806 1427 842 1486 et
861 1426 1058 1486 sanctorum
1082 1425 1220 1506 patrum
1244 1421 1401 1506 exemplo
1421 1443 1453 1480 10

281 1511 345 1575 sub
369 1511 487 1596 regule
515 1515 646 1586 tenore,
679 1533 781 1594 quam
807 1512 1033 1576 custodiendo
1062 1513 1278 1595 proficerent,
1312 1507 1401 1574 *aub-

280 1601 406 1666 ieetam
431 1601 565 1684 plebem
591 1602 773 1664 constituit
797 1604 841 1674 et,
870 1604 911 1664 ut
934 1601 1195 1684 precedencium
1220 1601 1401 1664 monacho-

280 1710 356 1752 rum
382 1690 498 1754 studia
520 1690 690 1753 imitando
718 1693 1007 1773 prosequerentur
1031 1692 1066 1754 et
1090 1689 1226 1754 celestis
1250 1689 1401 1752 antidoti
1445 1741 1446 1744 ,

281 1778 406 1862 pocula
422 1779 608 1862 prebendo,
633 1800 699 1861 quo
717 1782 937 1862 peccatorum
957 1779 1069 1843 sanies
1085 1778 1281 1862 pelleretur,
1306 1778 1401 1842 omni

281 1867 360 1932 nisu
383 1869 564 1932 adortatus
588 1871 650 1932 est.
1421 1887 1452 1926 rs

389 1962 419 2019 3.
456 1957 501 2019 Elt
531 1978 609 2020 cum
640 1957 709 2020 iam
739 1957 866 2040 passim
889 1956 955 2019 viri
979 1955 1045 2020 Dei
1074 1955 1169 2020 fama
1199 1957 1398 2032 crescerem,

282 2045 374 2128 cepit
404 2046 557 2128 undique
588 2045 686 2129 plebs
717 2065 920 2110 concurrere
952 2049 1056 2127 atque
1087 2064 1165 2109 eum
1198 2045 1269 2109 suis
1291 2045 1400 2108 famu·

281 2134 411 2198 latibus
441 2135 621 2198 honorare.
670 2134 852 2198 Crescente
883 2155 965 2216 ergo
995 2133 1045 2197 ibi
1074 2135 1321 2198 monachorum
1348 2154 1399 2196 ca·

280 2226 388 2300 terva,
420 2224 513 2306 cepit
536 2225 637 2287 anxio
670 2223 781 2287 cordis
805 2223 946 2287 stimulo
979 2242 1131 2306 pensare,
1163 2223 1246 2305 quid
1276 2222 1400 2286 melius

281 2312 373 2376 foret
401 2313 552 2395 quidque
582 2312 754 2376 salubrius
785 2312 952 2376 mercedis
982 2311 1121 2376 cumulo
1151 2312 1339 2386 obveniret,
1371 2312 1400 2374 si
1420 2333 1451 2370 ao

281 2400 377 2484 plebi
400 2403 609 2465 dominando
633 2405 784 2484 preesset
814 2404 876 2463 aut
908 2401 1084 2464 subiectus
1108 2400 1184 2464 aliis
1208 2401 1399 2465 obediendo

282 2490 345 2564 sub
363 2489 531 2554 obtentul
550 2490 728 2572 religionis
744 2491 934 2573 proficeret.
974 2489 1056 2554 Fuit
1071 2491 1212 2554 tandem
1230 2482 1398 2565 consiliih,

282 2577 405 2641 melius
422 2598 494 2642 esse
511 2578 574 2642 sub
591 2579 729 2642 viuculo
751 2579 1024 2642 mortificationis
1043 2582 1099 2642 se⁰
1120 2578 1276 2655 subdere,
1296 2599 1400 2660 quam

282 2666 360 2729 aliis
378 2666 579 2750 imperando
600 2662 804 2730 dominarid.
844 2666 889 2729 Et
908 2688 986 2730 cum
1006 2668 1186 2750 presertim
1205 2668 1289 2751 ipse,
1307 2667 1400 2729 infra

283 2755 569 2819 monasteriorum
589 2759 688 2838 septa
706 2755 848 2839 positus,
873 2755 1041 2838 regularis
1061 2757 1223 2821 materie⁰
1244 2777 1400 2820 normam
1420 2776 1452 2814 ar>

282 2848 386 2926 atque
411 2845 673 2928 precedencium
703 2848 841 2928 patrum
870 2845 1088 2928 disciplinam
1112 2845 1175 2908 sub
1200 2845 1400 2909 obediencie

281 2934 394 3016 rigore
417 2954 634 3016 nequaquam
653 2933 823 3010 didicerit,
848 2934 907 2998 sed
925 2935 1166 2998 tantummodo
1186 2935 1276 3017 quod
1296 2934 1400 2998 lectio

281 3023 336 3086 vel
352 3023 447 3086 fama
461 3023 639 3106 religionis
651 3023 706 3088 vel
723 3023 818 3087 cordi
833 3023 1017 3086 inseruerit
1030 3023 1084 3086 vel
1100 3024 1175 3086 auri
1188 3017 1399 3099 advexeritf,

282 3112 475 3195 postposita
493 3112 800 3196 percunctationeg
819 3115 922 3194 atque
939 3112 1033 3175 omni
1049 3112 1287 3195 ambiguitate,
1308 3111 1400 3194 cepit

281 3220 423 3283 querere
461 3221 565 3278 arma,
605 3201 729 3283 quibus
768 3201 876 3284 possit
910 3201 1066 3265 subiecta
1101 3201 1254 3264 membra
1291 3201 1398 3264 tueri:
1419 3222 1451 3260 so

282 3289 441 3372 clipeum,
466 3310 533 3372 quo
558 3289 762 3353 diabolicam
788 3293 898 3353 artem
920 3289 1055 3367 vitaret,
1086 3289 1196 3372 galea,
1228 3310 1295 3371 qua
1319 3290 1400 3352 fidei

282 3382 387 3461 caput
424 3377 572 3442 inlesum
611 3381 776 3455 servaret,
817 3371 1049 3451 mucronemh,
1096 3399 1163 3461 quo
1207 3378 1400 3442 mundiales

281 3487 411 3530 errores
436 3470 617 3542 coerceret,
641 3461 845 3550 impingesi.

388 3561 418 3617 4.
450 3555 602 3619 Tandem
626 3555 863 3638 religiosorum
884 3576 994 3620 mores
1018 3556 1227 3640 perquirens,
1252 3555 1296 3618 ad
1316 3555 1399 3618 Liri·

280 3664 386 3708 nense
417 3645 660 3708 monasterium
694 3645 860 3728 pervenit,
894 3645 955 3708 ubi
983 3647 1069 3708 tunc
1099 3645 1306 3709 venerabilis
1330 3643 1398 3707 Ho·
1419 3664 1449 3704 ss

440 3817 509 3865 Capp.
525 3817 593 3855 2-4.
622 3816 669 3858 212,

387 3924 447 3972 Gap.
464 3925 482 3964 2.
512 3924 533 3974 a)
553 3921 639 3962 recedit
652 3923 699 3961 ΔΞ.
755 3923 778 3970 b)
799 3923 858 3972 apud
873 3927 932 3962 teum
947 3923 993 3962 At.
1050 3925 1070 3972 o)
1091 3927 1131 3973 put
1145 3928 1206 3963 teum
1220 3924 1268 3964 ΑΞ.
1324 3923 1346 3971 d)
1367 3924 1399 3961 itu

278 3978 370 4026 arm'prslf
388 3977 550 4025 aliquantisper
563 3981 712 4015 commoratus
726 3976 772 4017 12.

386 4039 446 4087 cap.
460 4040 479 4079 3.
514 4039 535 4088 a)
557 4039 588 4076 ito
601 4039 628 4079 Β.
644 4037 674 4084 C,·
694 4039 755 4076 cultu
774 4038 825 4076 A2:
848 4039 889 4077 sub
911 4039 1004 4077 obtentu
1025 4039 1144 4086 relegionis
1165 4039 1229 4078 dmm
1249 4039 1310 4082 infra
1330 4051 1348 4078 c.
1363 4039 1397 4078 12.

279 4094 302 4137 b)
316 4093 347 4130 ita
361 4093 387 4132 B.
404 4094 434 4139 0,·
452 4092 568 4132 eonsilium
583 4097 608 4130 ut
622 4092 700 4130 melius
715 4097 774 4131 esset
792 4102 816 4130 se
830 4093 871 4130 sub
885 4092 933 4130 Δ2.
989 4095 1010 4140 e)
1031 4093 1062 4130 lta
1075 4092 1102 4130 B.
1119 4093 1149 4139 0,·
1169 4104 1199 4134 nr.
1212 4091 1335 4132 subsedere
1349 4093 1396 4134 At.
1416 4091 1446 4129 40

279 4145 302 4198 d)
318 4145 401 4185 dfil'arl
414 4147 462 4186 Aa
505 4152 526 4193 e)
540 4145 652 4184 macherie
666 4145 713 4184 At.
760 4145 778 4195 l)
792 4145 894 4184 avexerit
908 4146 955 4184 Aa
1004 4145 1269 4196 g)1›er·cuotationeA2.
1318 4147 1342 4197 h)
1357 4157 1398 4184 nu-

279 4201 386 4240 ehrouem
400 4200 447 4240 Al.
502 4199 518 4250 i)
538 4199 629 4237 ltaA2.

280 4342 306 4406 1)
327 4339 647 4392 Moesia-Saint-Jeaa
669 4341 742 4390 eirea
761 4340 776 4392 7
796 4340 873 4390 arilia
897 4357 915 4390 a
933 4339 1029 4391 Sernur
1046 4347 1136 4392 castro
1161 4340 1239 4396 alat.
1312 4341 1340 4406 2)
1365 4340 1396 4394 V.

279 4411 437 4462 Columbam'
454 4411 478 4475 I,
493 4414 541 4466 18:
561 4408 691 4462 Creverat
711 4409 766 4462 iam
784 4409 884 4476 passim
904 4408 977 4462 fama
996 4409 1083 4462 sancti
1101 4411 1160 4466 viri.
