3222 5030
267 479 285 534 s
480 471 607 543 meses,
619 471 743 530 usse
761 469 991 528 messmam
1009 470 1119 528 mm
1135 471 1176 530 11.

267 657 385 724 uictum
406 677 509 722 secum
531 656 676 736 ferentes,
700 675 799 737 aeque
817 676 938 738 semper
954 655 1092 736 feliciter
1108 675 1237 722 messem
1260 657 1391 722 cessisse

267 747 406 828 eaemplo
428 745 577 810 momacbi
599 746 770 826 edocemur,
801 743 856 826 qui
879 743 1014 827 dipitum
1036 744 1120 824 falce
1142 744 1330 828 absciderat,
1353 752 1391 810 ut

268 856 334 900 uou
367 835 519 916 haereret,
555 832 622 898 nisi
649 854 758 915 parua
791 832 944 898 retinente
971 833 1065 916 pelle.
1112 834 1224 898 Novus
1252 855 1330 917 aper
1358 834 1389 899 si

268 923 416 990 messium
439 922 571 1006 copiam·
584 923 763 1003 locupumu
785 923 922 1004 dederat,
952 923 1033 988 sous
1061 921 1187 988 assidu
1218 922 1389 1006 eaoptaudi

268 1019 370 1094 eraut,
401 1033 450 1093 ne,
481 1010 594 1076 emisso
622 1010 772 1093 pamiae,
803 1010 840 1076 iu
866 1010 985 1093 stipula
1007 1010 1119 1076 messis
1135 1011 1266 1093 periret,
1297 1018 1423 1094 omues

274 1101 487 1167 Columbauus
515 1099 585 1184 ipse
619 1099 722 1164 labori
756 1120 812 1164 suo
846 1120 912 1164 uou
940 1099 1090 1182 pepercit,
1124 1106 1160 1164 ut
1185 1121 1271 1182 sepes
1293 1122 1389 1182 quom

269 1188 429 1256 celerrime
447 1188 572 1253 borreis
589 1190 774 1254 conderetur
783 1189 804 1251 ¹.
848 1189 939 1270 Quod
952 1209 1022 1253 cum
1036 1189 1158 1268 factum
1173 1196 1260 1272 esset,
1278 1188 1390 1254 messis

268 1278 307 1343 iu
335 1299 414 1343 area
442 1300 464 1343 a
492 1276 653 1358 fratribus
674 1276 769 1359 uirqa
791 1277 952 1343 caedenda
974 1283 1045 1341 erat
1053 1279 1074 1340 ².
1121 1277 1249 1342 Horrea
1278 1277 1389 1360 cuique

269 1387 347 1432 suus
368 1373 471 1432 custos
492 1367 540 1432 oel
569 1365 709 1448 claoiqer
731 1366 915 1448 praeerat⁸,
946 1385 1043 1446 eoque
1069 1367 1239 1431 admodum
1268 1367 1390 1447 referta

270 1477 335 1521 esse
358 1475 435 1537 opus
457 1461 536 1536 erat,
565 1461 601 1519 ut
623 1460 715 1520 touta
736 1453 903 1518 multitudo
927 1475 1016 1535 poue
1038 1455 1185 1520 aleretur.
1232 1455 1390 1521 Mouocbi
1408 1481 1439 1520 xo

269 1551 374 1610 autem
395 1544 444 1609 uel
466 1544 647 1609 laborantes
665 1542 834 1625 anqustius
849 1543 1084 1624 reficiebantur,
1108 1565 1185 1608 uara
1208 1545 1269 1609 duo
1286 1565 1390 1627 pauos

263 1633 493 1717 paululumque
520 1631 690 1697 cerevisiae
716 1630 884 1714 serapiuta
906 1630 1086 1697 homiuibus
1107 1631 1162 1696 oia
1183 1632 1389 1712 suffecissent,

270 1721 338 1786 uisi
370 1742 457 1786 more
483 1719 619 1786 Domiui
653 1726 781 1785 sauctus
814 1719 874 1785 illa
908 1719 1052 1786 oratioue
1085 1742 1144 1787 sua
1178 1721 1391 1805 multiplicare

264 1809 420 1893 potuisset
427 1811 449 1872 ⁸.
496 1809 603 1889 Pctus,
633 1815 669 1873 ut
690 1807 770 1889 diei,
802 1807 953 1874 cerevisia
975 1815 1053 1891 erat,
1078 1816 1237 1892 artemque
1259 1832 1329 1876 eam
1352 1831 1391 1875 ea

270 1898 427 1979 frumeuti
448 1899 498 1963 uel
518 1896 630 1962 bordei
650 1918 724 1962 suco
747 1897 946 1979 decoqueudi,
974 1898 1143 1980 adsumpta
1166 1901 1267 1982 brace,
1293 1895 1391 1964 Scotti
1410 1923 1439 1964 15

271 2008 310 2053 ero
333 1986 448 2068 patria
476 1987 657 2052 attuleruut.
717 1985 805 2051 Oura
837 1993 942 2052 auum
975 1986 1123 2052 ministro
1152 1988 1313 2068 refectorii
1343 1990 1391 2054 uel

272 2076 436 2144 cellerario
458 2077 613 2142 maudata
635 2081 713 2157 erat,
743 2075 833 2157 isque
862 2075 942 2140 bera
968 2075 1152 2156 resectionis
1174 2097 1213 2141 ea
1234 2099 1308 2143 uase
1330 2098 1391 2158 quo

272 2186 311 2230 ea
333 2166 524 2231 coutebatur
546 2171 646 2230 tracto
667 2163 812 2230 duciculo
827 2165 1000 2246 ampullam
1015 2164 1052 2229 iu
1070 2165 1199 2230 cellario
1221 2167 1360 2248 replebat
1367 2167 1390 2229 ⁴.

277 2253 375 2334 Operi
403 2253 521 2319 rustico
549 2252 705 2333 saciuudo
732 2251 946 2318 Uolumbouus
973 2253 1012 2318 iu
1040 2260 1171 2336 utroque
1199 2254 1392 2320 mouasterio

265 2363 329 2424 per
350 2341 432 2408 uices
453 2341 609 2406 iutererat
629 2347 659 2405 et
680 2340 820 2406 Lemovii
842 2347 872 2405 et
893 2341 1066 2407 Foutouis.
1410 2369 1440 2408 so

385 2464 577 2531 Oousederat
590 2469 694 2530 autem
708 2463 746 2529 iu
762 2464 923 2530 territorio
940 2465 1168 2549 Sequanorum,
1193 2466 1284 2532 cuius
1299 2474 1394 2550 caput

272 2559 343 2620 erat
364 2554 519 2635 Vesoutio,
551 2560 643 2636 atqua
670 2552 707 2618 iu
729 2553 863 2618 dioecesi
886 2553 1134 2620 Vesontioueasi.
1180 2555 1393 2621 Auctoritatis

271 2663 371 2726 quam.
397 2642 487 2708 iutra
509 2662 632 2725 paucos
661 2663 764 2707 ammos
789 2643 837 2707 oel
859 2644 947 2724 apud
968 2643 1180 2709 mobilissimos
1201 2644 1265 2711 sibi
1287 2644 1392 2727 acqui·

271 2731 372 2796 sierut
387 2731 473 2797 testis
492 2731 612 2813 estqui
635 2730 820 2797 Vesoutioue
836 2737 910 2796 tuuc
924 2731 1082 2797 residebat
1099 2734 1166 2797 dua
1187 2733 1393 2800 Waldeleuus

272 2820 399 2886 nomiae
421 2842 491 2886 curu
513 2819 639 2885 Floria
668 2819 807 2902 couiuqe.
859 2819 921 2902 Qui
949 2841 1020 2885 cum
1043 2822 1135 2902 prole
1164 2829 1318 2904 carereut,
1349 2823 1394 2888 ad
1410 2846 1441 2886 ss

271 2909 376 2991 ipsum
398 2930 431 2974 se
454 2909 658 2988 conferebaut
680 2908 716 2974 iu
739 2911 902 2990 desertum,
926 2916 963 2973 ut
977 2909 1127 2992 precibus
1149 2909 1218 2976 eius
1241 2911 1304 2976 sibi
1326 2932 1391 2976 suc·

272 3004 461 3080 curreretur,
478 3018 577 3080 meque
589 2997 843 3064 iutercessiouem
854 3019 946 3062 suam
958 2998 1132 3080 deucqaoit,
1149 3020 1187 3064 ea
1199 2999 1391 3082 caudicioue,

270 3092 307 3151 at
320 3085 461 3152 Domiuo
483 3086 682 3152 nasciturum
705 3093 925 3152 consecrarent
945 3085 1068 3167 sibiqae
1086 3107 1124 3151 ea
1146 3088 1274 3154 lauacro
1297 3089 1392 3154 uisci·

265 3174 421 3258 pieridum
440 3197 510 3240 eum
525 3178 695 3241 tradereut.
734 3175 827 3241 Duos
848 3174 917 3240 iam
938 3195 1021 3239 uuor
1040 3174 1126 3254 filios
1142 3177 1268 3259 peperit
1281 3177 1392 3242 Douo·

271 3271 336 3330 tum
356 3271 385 3330 et
404 3264 656 3346 Obrameleuum,
680 3285 813 3347 quorum
836 3265 918 3329 alter
932 3263 969 3328 iu
990 3265 1182 3330 mouasterio
1197 3265 1392 3331 Duaocieusi
1410 3291 1440 3332 so

270 3355 419 3419 educatus
448 3353 516 3419 sedi
545 3352 785 3418 Vesontioueusi
807 3352 968 3436 episcopus
989 3359 1100 3434 posteo
1118 3361 1278 3436 praeerat,
1310 3355 1391 3420 ulter

265 3448 360 3524 patre
381 3448 504 3506 mortuo
529 3443 678 3507 ducatum
700 3441 824 3507 meruit.
878 3441 1013 3523 Uterque
1042 3443 1087 3506 ad
1115 3443 1219 3508 saucti
1248 3444 1391 3524 repulam

270 3529 497 3594 monasterium
531 3529 715 3612 coustruait,
751 3531 832 3594 alter
864 3551 964 3594 uuum
994 3529 1159 3594 Palatium
1193 3531 1320 3594 umuiue
1353 3530 1391 3594 iu

269 3618 347 3682 urbe
370 3617 548 3700 episcopali,
571 3619 627 3684 ubi
650 3625 679 3685 et
700 3625 802 3684 mater
815 3624 888 3699 post
904 3617 1016 3682 mariti
1031 3617 1148 3682 obitum
1162 3617 1391 3682 mouasterium

264 3707 448 3789 puellarum
471 3707 620 3791 coadidit,
645 3709 727 3773 alter
748 3707 884 3772 alterum
905 3705 943 3770 iu
965 3707 1049 3770 saltu
1072 3705 1205 3771 Iureusi
1227 3708 1272 3770 ad
1294 3706 1390 3771 Noui·
1410 3731 1440 3774 eo

270 3816 382 3860 souom
404 3796 571 3876 fluviolum
593 3796 720 3862 sitam⁶.
759 3795 916 3861 Duealem
933 3793 1034 3876 iqitur
1051 3793 1214 3873 familiam
1232 3796 1310 3860 adeo
1329 3794 1391 3862 sibi

186 3909 250 3960 ms.
271 3883 480 3967 *deuiuumot
504 3892 541 3950 ut
557 3891 723 3952 sectatores
741 3882 965 3950 studiosissimi
983 3903 1022 3947 ecc
1040 3881 1113 3964 ipsa
1131 3882 1194 3948 sibi
1215 3891 1389 3967 surpereut,

269 3994 368 4055 ueque
390 3995 463 4040 aero
486 3973 517 4040 ei
537 3973 593 4057 qui
615 3975 718 4039 sedem
740 3971 1014 4038 Vesoutioueusem
1040 3977 1114 4038 tuuc
1137 3973 1308 4054 occupabat
1328 3973 1391 4056 epi·

270 4083 361 4145 scopo
383 4062 444 4128 loci
466 4062 655 4147 praeseutia
683 4061 786 4145 ipsius
808 4061 913 4126 eodem
935 4060 1025 4124 modo
1048 4067 1174 4142 accepta
1197 4069 1275 4144 erat,
1299 4069 1390 4128 totus·

269 4173 328 4234 que
356 4151 572 4236 Burpuudiae
600 4151 797 4232 episcopatus
820 4169 974 4230 prospero
1004 4148 1072 4214 eius
1101 4171 1244 4217 successu
1274 4150 1390 4218 laetari
1407 4177 1438 4217 so

269 4385 351 4526 m

366 4388 480 4514 opacas.
498 4387 523 4454 1,
544 4390 586 4443 13.
639 4370 861 4455 '2)1o.1,12.
933 4387 1126 4457 s)1o.1,1⁷.
1198 4387 1391 4456 4)1o.1,16.

393 4497 402 4524 ,
458 4495 466 4512 .
