3226 5034
448 467 572 536 IONAS,
585 467 682 523 VITA
694 467 884 524 VEDASTIS
902 468 1084 526 EPISOOPI.
1270 473 1322 526 301

320 650 459 718 Ultimus
481 649 591 731 editor,
615 651 812 732 Arbellot,
838 649 1065 716 ‘Dissertation
1084 673 1141 717 sur
1159 652 1186 717 le
1204 651 1268 716 lien
1287 653 1325 716 cle

206 741 376 808 naissance
399 743 436 805 cle
458 738 555 805 Saint
576 740 677 805 Vaast
698 739 798 804 suivie
820 741 858 804 cle
881 740 1057 806 l’ancienne
1080 741 1128 806 vie
1151 743 1194 806 clu
1216 740 1324 821 saint’,

206 829 351 896 Parisiis
365 835 459 910 1886,
472 851 506 910 p.
516 835 557 892 59
567 835 661 909 -75,
678 827 842 910 utriusque
855 829 983 910 quidem
997 829 1192 895 recensionis
1207 829 1326 894 codices

207 918 362 999 adhibuit,
386 917 505 983 seilicet
527 917 730 982 Parisienses
752 918 785 981 Α
801 926 851 982 la.
876 927 928 983 3a.
946 920 974 983 b.
991 940 1017 982 c.
1041 918 1074 982 B
1087 926 1138 1000 2a,
1166 919 1222 984 secl
1243 917 1326 983 artis

175 1007 319 1074 seclencli
340 1007 508 1088 imperitus
529 1005 605 1071 utile
628 1006 711 1070 nihil
727 1013 896 1088 praestare
912 1006 1027 1089 potuit.

315 1247 366 1312 De
389 1252 516 1312 auctore
535 1247 571 1310 V.
596 1245 742 1310 Vedastis
757 1266 838 1327 qnae
856 1245 930 1310 olim
949 1253 1130 1328 statueram,
1155 1269 1193 1312 θα
1211 1269 1327 1329 maqno

208 1343 360 1402 momento
389 1357 454 1400 esse
485 1337 530 1400 ool
558 1335 775 1416 expendendos
804 1334 957 1400 historiae
989 1334 1195 1401 Chloclovechi
1223 1337 1328 1415 fontes

205 1425 312 1509 primo
328 1431 418 1507 patet
440 1430 574 1506 aspectu,
606 1423 756 1504 multique
771 1430 849 1508 post
869 1445 918 1488 me
939 1431 1155 1505 surreverunt,
1185 1447 1224 1490 ea
1246 1446 1327 1506 quoe

209 1515 283 1579 inde
306 1514 518 1578 concluseram
541 1519 570 1577 et
592 1512 811 1577 enaminantes
840 1519 869 1577 et
897 1512 1104 1596 disputantes,
1135 1513 1248 1596 quibus
1270 1514 1328 1578 hoc

165 1625 191 1664 ιο
209 1603 274 1668 loco
300 1602 418 1686 paucis
445 1602 633 1682 respondere
661 1600 763 1666 visum
793 1607 847 1666 est.
899 1601 1107 1684 Bioqraphns
1134 1602 1327 1684 prinsquam

208 1714 310 1756 meum
332 1691 430 1756 subiit
452 1711 592 1770 eramen,
623 1689 707 1754 inter
733 1690 901 1772 scriptores
929 1691 1049 1756 saeculi
1080 1691 1137 1756 VI.
1169 1691 1326 1773 insiqnem

209 1781 309 1845 locum
341 1779 434 1844 invto
470 1778 661 1861 Greporium
698 1779 912 1844 Turonensem
945 1787 1165 1862 occupaverat,
1200 1780 1327 1862 eiusque

209 1868 394 1935 anctoritate
416 1867 469 1932 nsi
491 1874 566 1933 sunt
593 1875 623 1932 et
647 1889 792 1949 pnqnam
814 1867 1066 1933 Alamannieum
1087 1875 1277 1934 enarrantes
1299 1875 1330 1933 et

210 1958 398 2040 baptismum
416 1955 633 2038 Chlodovechi,
646 1977 736 2038 quem
747 1956 858 2021 Remis
872 1957 993 2036 factum
1006 1978 1071 2022 esse
1083 1964 1212 2042 praeter
1222 1957 1327 2038 ipsum

165 2069 191 2108 a
209 2047 428 2129 Fredeqarius
450 2046 621 2126 rettulerat,
645 2045 701 2126 qui
724 2045 810 2110 testis
832 2052 906 2112 tune
927 2046 1024 2110 multo
1046 2045 1201 2111 recentior
1223 2045 1327 2110 existi-

208 2138 365 2201 mabatur.
423 2135 596 2217 Postquam
625 2140 729 2199 antem
757 2133 825 2216 ipse
853 2137 890 2198 cle
919 2155 980 2215 quo
1010 2134 1118 2217 aqitur
1152 2141 1262 2200 auctor
1290 2135 1327 2200 in

209 2247 320 2290 aevum
353 2223 487 2289 dimidio
521 2223 645 2288 saemlo
673 2223 833 2305 posterius
865 2223 981 2288 stucliis
1013 2223 1091 2288 meis
1120 2224 1239 2288 relatus
1272 2230 1326 2304 est,

209 2335 337 2395 eumque
359 2335 429 2377 eum
452 2334 468 2378 e
488 2312 642 2394 Greqorio
659 2313 798 2394 pendere
819 2311 887 2376 iam
905 2318 1029 2393 constet,
1053 2333 1143 2394 quem
1159 2313 1328 2394 profante

209 2402 347 2467 einsolem
376 2401 553 2466 habendam
583 2423 648 2466 esse
677 2401 827 2466 Allertus
849 2401 988 2467 Hanoh1
1013 2401 1087 2466 olim
1116 2403 1327 2484 contenderat,

165 2513 191 2552 20
210 2491 427 2556 anctoritatem
461 2489 529 2555 eins
562 2489 704 2556 deminui
737 2489 804 2572 ipse
833 2491 1023 2556 Funchius²
1052 2490 1203 2556 concessit
1235 2497 1328 2572 atque

209 2579 329 2645 saeculi
344 2579 565 2662 praecedentis
580 2579 747 2644 historiam
765 2580 810 2644 acl
823 2579 992 2662 scriptores
1010 2579 1207 2661 antiquiores
1224 2579 1330 2662 moqis

209 2691 305 2750 quam
334 2671 379 2734 acl
406 2669 490 2734 hunc
512 2669 718 2750 posteriorem
748 2669 985 2734 describendam
1013 2690 1078 2734 esse
1100 2667 1180 2734 mihi
1202 2669 1329 2750 quidem

211 2765 453 2824 consentaneum
475 2757 600 2822 violetur
622 2779 697 2822 esse.
737 2759 848 2840 Neque
869 2779 949 2840 quae
972 2760 1010 2823 cle
1032 2759 1165 2823 Vadaste
1188 2757 1329 2840 episcopo

209 2845 354 2912 instituto
377 2850 473 2929 eleque
496 2850 588 2912 rebus
606 2847 867 2912 Atrebatensibns
889 2847 972 2911 iclem
995 2846 1139 2928 tradidit,
1164 2869 1202 2912 ea
1224 2846 1329 2928 maqis

166 2957 191 2996 n
211 2937 297 3000 areoli
320 2942 464 3018 possunt,
495 2942 634 3016 recteque
656 2937 701 2999 acl
722 2935 899 3017 episcopum
921 2937 1078 3015 quenolam
1100 2941 1268 3016 vaqantem
1290 2957 1329 3000 ea

210 3025 366 3088 rettulisse
388 3023 469 3088 mihi
491 3023 615 3088 violetur
637 3023 680 3087 A.
700 3025 848 3088 Hauch3.
895 3023 1066 3087 Eiusmodi
1093 3023 1229 3104 episcopi
1251 3046 1330 3088 num

211 3118 285 3176 ante
313 3111 542 3177 Columbanum
565 3112 742 3192 Scottosque
765 3118 857 3191 atque
879 3117 1033 3192 reqnante
1060 3110 1269 3176 Ohloolovecho
1291 3111 1330 3176 in

216 3200 337 3265 Galliis
358 3199 592 3264 inveniuntur?
637 3201 753 3264 Nonne
781 3200 883 3264 Ionas
915 3199 1063 3264 instituta
1096 3199 1167 3264 aevi
1200 3200 1252 3265 sui
1285 3203 1331 3265 acl

219 3289 365 3354 Veelostis
388 3288 531 3367 referens
553 3309 588 3352 eo
610 3287 679 3369 ipso
706 3288 792 3367 facto
818 3289 914 3367 [helem
936 3287 999 3352 sibi
1021 3287 1184 3352 latravit?
1230 3289 1330 3354 Mitto

168 3398 194 3438 so
211 3377 282 3442 ursi
297 3376 524 3442 habitationem
539 3376 576 3442 in
591 3378 667 3441 urbe
682 3382 839 3458 repertam
857 3398 914 3442 nec
929 3383 1085 3458 repertam
1101 3377 1329 3443 habitationem
1366 3407 1372 3418 ·

211 3467 359 3547 hominis,
383 3465 441 3531 etsi
464 3487 589 3530 caecum
618 3471 647 3530 et
675 3466 822 3530 olauclum
844 3463 1006 3547 episcopas
1027 3465 1118 3531 intra
1144 3488 1252 3532 muros
1275 3470 1329 3532 od·

211 3555 317 3622 iturus
346 3555 450 3621 obvios
478 3554 626 3620 habuisse
655 3553 774 3619 dicitur
802 3554 990 3620 alimoniam
1017 3556 1224 3636 postulantes.
1277 3557 1329 3622 De

211 3667 287 3710 urso
309 3645 364 3709 illo
387 3665 493 3708 nonne
515 3649 626 3708 auctor
648 3645 755 3708 eadem
772 3642 906 3724 iteravit,
928 3643 1060 3725 quaein
1083 3645 1119 3709 V.
1142 3645 1330 3710 Columbani

212 3735 290 3815 I,8,
315 3733 495 3814 scripserat,
520 3732 708 3798 Atrebatum
736 3732 845 3797 urbem
867 3732 934 3797 iam
957 3733 1022 3798 loco
1045 3733 1162 3817 Vosoqi
1178 3735 1330 3816 ponens?

167 3843 193 3882 ce
213 3824 315 3904 Atque
338 3821 507 3888 cerevisiae
529 3821 727 3902 miraculum,
757 3823 841 3902 quael
869 3822 906 3886 cle
928 3821 1126 3888 Alamannis
1154 3823 1191 3888 in
1220 3826 1328 3888 eaclem

216 3910 404 3977 Columbani
423 3911 497 3976 Vita
514 3911 543 3991 I,
562 3917 613 3991 27,
633 3917 743 3975 auctor
757 3917 976 3992 enarraverat,
996 3933 1101 3977 nonne
1118 3911 1200 3977 idem
1213 3913 1330 3977 iterum

211 4003 256 4066 acl
285 4001 449 4065 Veclastem
482 4001 688 4080 Francosque
721 3999 865 4064 rettulit?
915 4000 1078 4082 Eviqnam
1111 4001 1329 4066 auctoritatem

219 4090 255 4154 V.
280 4088 427 4154 Veclostis
457 4087 598 4170 equidem
628 4087 761 4153 attribui
788 4109 845 4153 nec
873 4089 978 4168 falsus
1007 4110 1072 4154 esse
1101 4089 1181 4154 mihi
1209 4089 1327 4155 vicleor.

214 4299 239 4366 1)
255 4298 362 4362 Hauclc,
381 4297 595 4362 ‘Kirchenqesch
615 4297 856 4364 Dentsmlands’I,
872 4315 901 4364 p.
916 4301 967 4355 109
985 4300 1037 4364 (ul.
1052 4304 1120 4366 pm).
1191 4302 1218 4368 2)
1234 4301 1329 4352 ‘theo-

165 4385 194 4422 40
212 4370 329 4508 ξαὶθὲθίιξ,
348 4369 581 4495 {lagrtalschriftss
604 4368 741 4434 Tubinpae
761 4371 838 4436 1895,
860 4386 890 4436 p.
910 4373 961 4426 351
975 4387 1012 4437 eq.
1098 4372 1125 4440 3)
1151 4371 1328 4474 Hausisti.
