3222 5032
266 456 319 510 112
478 447 603 516 ΙΟΝΔΒ,
616 445 739 503 VITAE
759 445 988 502 COLUMBANI
1005 445 1114 501 LIBRI
1131 445 1171 503 11.

274 631 391 700 Ultimo
414 633 478 696 loco
500 631 548 695 uel
577 629 724 712 temporis
755 628 983 709 inaequalitate
1005 629 1092 694 uerbi
1115 635 1268 695 resumat
1291 629 1387 695 inter·

261 721 382 804 polatio
398 743 420 785 a
435 725 520 784 tectu
536 718 732 800 primiqenio
755 713 1030 802 (meminiscereb)
1047 718 1144 798 facile
1159 718 1387 801 distinque'nda

266 817 320 876 331.
365 807 443 874 &cm
466 814 570 872 autem
588 813 698 872 auctor
712 806 746 871 Β
765 807 863 872 ultera
881 809 982 888 poulo
999 807 1111 872 melius
1134 807 1277 872 eruditus
1299 814 1385 889 33331,

266 900 381 964 menda
404 897 473 962 eius
493 894 705 978 qraonmatiea
727 896 884 961 nonnullo
906 895 1035 961 sustulit
1055 896 1266 978 vocabuloque
1288 896 1387 961 teatui

266 985 376 1052 intulit
398 992 454 1050 331
476 984 604 1066 aptiora
627 989 683 1048 aut
705 983 869 1048 electiora:
1405 1005 1420 1044 s

304 1097 329 1141 3.
349 1082 378 1138 7.
425 1075 624 1138 solitudinis
647 1095 707 1137 ora
733 1067 769 1157 [s.
794 1075 993 1138 vastitatem
1016 1069 1060 1159 B]
1086 1075 1237 1158 adlegib;

304 1168 400 1230 312.
424 1165 460 1226 in
492 1163 690 1246 supradicio
720 1163 854 1246 scopuli
881 1164 959 1226 sinu
984 1158 1111 1248 [speleo
1133 1163 1176 1244 Β,
1208 1164 1264 1227 3331
1285 1162 1387 1227 Ionas

426 1251 494 1332 ipse
526 1251 621 1314 sinus
648 1270 708 1330 pro
731 1272 852 1335 specus
876 1250 1002 1332 occepit,
1033 1252 1074 1331 cf.
1100 1273 1125 1316 3.
1143 1257 1173 1315 8.
1198 1273 1387 1317 concavum

426 1341 463 1404 in
488 1344 589 1404 caute
613 1335 753 1421 sinum];

305 1436 400 1496 c.19.
425 1430 531 1494 Aient
554 1426 604 1510 [A
630 1449 699 1492 cum
721 1428 841 1508 Fred.,·
863 1429 1021 1493 fotentur
1042 1426 1107 1510 B],·
1347 1447 1349 1451 ·
1406 1448 1435 1486 10

304 1541 330 1584 c.
348 1524 400 1582 27.
424 1519 583 1601 falanges
606 1518 789 1600 imperavit
813 1518 907 1582 abire
933 1511 1039 1602 [abire
1061 1520 1159 1584 iubet
1182 1513 1244 1602 B];

305 1630 330 1673 c.
348 1614 399 1672 28.
425 1609 557 1671 uienbes
582 1598 645 1689 [A‚·
668 1607 821 1671 dicentes
844 1601 906 1691 B];

305 1719 330 1762 c.
348 1703 400 1760 30.
426 1695 528 1762 Omni
562 1696 733 1778 praesidio
768 1717 793 1759 s.
818 1697 1066 1761 monasterium
1100 1697 1234 1762 munire
1268 1697 1387 1760 studet

430 1782 639 1868 [muneribus
669 1788 770 1850 ornal
792 1784 835 1863 Β,
870 1787 926 1850 sed
954 1787 1125 1870 praesidio
1155 1786 1288 1850 munire
1319 1805 1387 1848 con·

427 1880 512 1938 sture
534 1873 666 1954 videtur,
691 1875 898 1954 praecedente
921 1874 986 1938 loco
1015 1874 1090 1938 boc:
1122 1878 1162 1938 ub
1186 1873 1320 1938 sodales
1344 1889 1434 1930 -15

427 1963 576 2047 presidio
598 1957 755 2046 fovereb].

267 2052 319 2116 Ab
349 2049 418 2133 ipso
447 2050 569 2132 incepto
598 2071 654 2115 suo
677 2057 787 2116 auctor
810 2050 974 2135 archetypi
996 2051 1030 2116 Β
1052 2051 1117 2116 1030
1139 2049 1317 2132 insequenti
1339 2052 1387 2115 de-

268 2139 385 2206 stitisse
413 2139 546 2220 cidetur,
576 2139 632 2204 ubi
661 2138 749 2204 lectio
772 2139 972 2222 primiqenio
1001 2141 1105 2206 adbuc
1133 2139 1224 2204 iunia
1253 2139 1387 2220 interpo-

270 2229 369 2294 latam
392 2234 556 2294 asservata
578 2234 641 2292 est:

307 2338 332 2382 3.
352 2323 402 2380 11.
426 2321 594 2399 lentaque
613 2318 757 2400 piscium
779 2312 980 2401 [multitudo
999 2319 1073 2383 odd.
1092 2317 1126 2382 Β
1138 2325 1157 2382 2
1169 2339 1179 2391 ,·
1203 2325 1221 2381 9
1242 2317 1300 2382 1111.
1320 2338 1385 2382 rus.
1406 2335 1436 2374 2⁰

429 2405 463 2468 Β
478 2399 527 2488 lo]
553 2406 652 2488 eopia
671 2410 723 2470 esb
741 2407 1023 2491 reieimplebum‚
1048 2413 1088 2471 ub
1104 2409 1160 2471 vix
1175 2429 1256 2492 pree
1273 2407 1387 2470 mulli·

428 2494 551 2558 tudine
573 2494 668 2556 brahi
691 2496 869 2577 potuisset.

270 2583 484 2646 Emendatam
512 2581 596 2646 banc
625 2582 660 2646 V.
692 2581 879 2648 Columbani
913 2583 1079 2648 editionem
1113 2605 1188 2648 aeno
1216 2582 1389 2665 posteriori

270 2691 368 2751 neque
398 2669 569 2752 bioqrapbo
598 2669 664 2751 ipsi
693 2671 928 2736 attribuendam
957 2693 1022 2736 esse
1051 2693 1090 2737 eu
1119 2672 1175 2737 boc
1203 2677 1388 2753 urqumento

271 2758 414 2825 concludi
444 2758 522 2824 licet.
575 2759 772 2824 Adueniente
805 2767 914 2826 sancto
947 2760 985 2825 in
1019 2760 1157 2842 Gallias,
1192 2762 1316 2825 duobus
1350 2779 1388 2824 en
1407 2776 1436 2816 2⁵

271 2847 377 2912 causis
410 2847 593 2930 reliqionem
626 2848 777 2913 abolitam
810 2870 875 2914 esse
907 2851 1010 2914 Ionas
1043 2849 1236 2930 affirmauit,
1271 2845 1390 2914 scilicet

271 2933 310 3017 (o.
328 2934 362 3018 5)
386 2937 441 3002 vel
471 2937 515 3001 ob
545 2939 742 3020 frequenbia
772 2939 923 3003 hostium
954 2943 1173 3004 externorum
1195 2939 1252 3003 vel
1274 2938 1388 3021 negle-

269 3027 388 3110 gentia
407 3027 604 3110 praesulum
623 3024 688 3106 (ita
702 3027 755 3108 A)-
777 3029 966 3112 priscorum
986 3029 1180 3112 principum
1195 3026 1254 3108 B).
1291 3026 1388 3090 Prae·

268 3115 352 3180 sules
370 3115 409 3180 ab
426 3136 460 3179 eo
475 3113 701 3197 intellequntur
715 3115 852 3197 episcopi
867 3117 1052 3197 abbatesque
1062 3116 1082 3196 1,
1107 3115 1209 3197 iisque
1223 3113 1390 3198 reliqionis

269 3203 398 3268 abolitio
427 3203 465 3268 in
496 3202 588 3268 libris
611 3205 644 3268 A
666 3203 742 3268 uitio
772 3204 914 3286 uertitur,
945 3207 1020 3270 dum
1048 3205 1082 3269 Β
1110 3204 1251 3286 ipsorum
1279 3203 1389 3286 qratia
1408 3220 1438 3260 ³0

271 3291 400 3373 ‘priscos
426 3292 601 3374 principes’
631 3293 801 3358 substituit.
853 3293 1070 3373 Manifestum
1099 3300 1202 3359 nutem
1229 3299 1274 3358 est
1302 3313 1390 3374 repes

269 3381 474 3446 Francorum
511 3404 592 3447 suec.
624 3383 682 3446 VI.
707 3403 754 3447 33.
789 3390 957 3465 reqnantes
990 3383 1046 3447 oin
1072 3382 1199 3466 priscos
1232 3379 1390 3464 appellari

267 3469 405 3549 potuisse
435 3492 456 3534 a
480 3470 565 3534 Iona
587 3470 821 3552 quinquaqinta
844 3471 931 3536 circo
954 3471 1052 3537 annis
1074 3478 1149 3554 post
1169 3473 1296 3553 deqente
1319 3469 1389 3550 pri·

269 3577 395 3637 3303333
424 3557 512 3640 ipsos
540 3559 636 3622 multo
664 3559 768 3640 maqis
797 3559 1004 3641 scriptoribus
1036 3559 1249 3642 Oarolinqicis
1277 3558 1387 3638 fuisse,

270 3644 407 3710 eutinetu
429 3645 526 3727 stirpe
549 3647 794 3728 Merouinqiea.
834 3650 940 3729 Quare
962 3648 1042 3712 mibi
1058 3669 1251 3730 persuasum
1273 3653 1326 3727 331,
1351 3646 1388 3710 V.
1408 3662 1438 3702 ³⁵

276 3732 462 3800 Columbani
485 3737 524 3799 ab
546 3734 770 3816 interpolatore
788 3737 884 3800 multo
900 3737 1076 3818 posteriore
1091 3743 1295 3802 retractatum
1314 3756 1388 3816 3333,

270 3828 410 3903 certoque
433 3822 549 3888 certius
565 3826 718 3905 probasse
740 3824 821 3889 mibi
842 3825 952 3890 uideor
967 3831 1082 3890 lentum
1099 3825 1330 3908 primiqenium
1352 3823 1390 3888 iu

271 3910 428 3977 codicibus
451 3912 483 3974 A
508 3920 703 3978 asservatum
726 3935 801 3979 esse.

378 4000 644 4082 Interpolationes
667 4001 779 4067 classis
801 4003 835 4068 Β
857 4002 955 4083 facile
977 4003 1204 4068 discernendae
1227 4007 1336 4083 333331,
1361 3999 1391 4065 31

270 4091 374 4154 adbuc
403 4097 576 4172 superesset
608 4093 691 4172 quod
718 4091 843 4156 auctori
876 4092 1013 4157 eiusdem
1040 4099 1171 4174 praesto
1204 4092 1313 4171 fuerat
1341 4110 1390 4154 eu·
1408 4105 1438 4144 4⁰

270 4179 391 4260 emplur
413 4180 456 4242 A.
508 4179 598 4260 Quod
627 4179 684 4244 etsi
713 4181 853 4262 reperire
875 4180 1007 4245 minime
1036 4180 1134 4262 licuit,
1165 4187 1271 4246 tomen
1294 4185 1391 4244 totam

271 4353 298 4472 l)
306 4351 368 4476 2701,
391 4353 422 4408 V.
442 4353 557 4408 Columb.
577 4355 640 4422 Ep,
664 4355 689 4423 Ι,
715 4357 738 4410 1.
757 4357 775 4409 4
782 4373 791 4416 ,·
822 4357 852 4410 V.
871 4355 938 4422 1013,
965 4355 1012 4410 SS.
1032 4355 1066 4410 R.
1086 4355 1231 4421 Meroeinq.
1251 4355 1306 4420 ΙΙΙ,
1326 4355 1388 4420 505,
