3222 5030
211 515 216 526 ¹
285 449 322 504 42
498 441 624 513 IONAS,
636 441 757 498 VITAE
776 437 1004 496 COLUMBANI
1022 439 1131 496 LIBRI
1149 439 1190 498 H.

286 626 405 694 dicitm
425 625 631 707 sospitemque
652 623 751 690 matri
777 622 1013 705 comprendant,
1044 624 1140 689 donec
1169 645 1190 688 a
1219 622 1404 689 Oblotbario

286 715 413 782 rediens
431 713 589 797 sclipiosis
606 713 742 778 uestibus
759 733 829 778 eam
847 711 1001 776 indueret.
1040 711 1140 776 Pater
1157 732 1230 776 oero
1246 712 1403 794 pollicita-

286 805 383 870 tionis
401 825 474 868 moa
492 802 606 868 oblitus
627 801 758 883 munias
780 801 846 864 iam
863 819 987 882 parare
1004 800 1148 865 demerit.
1187 802 1278 882 Quod
1293 802 1404 883 puella

286 899 442 976 comperta
456 913 527 957 cum
541 890 627 956 socia
643 891 687 955 act
702 889 866 955 basilicam
883 889 917 953 S.
932 888 1023 953 Petri
1038 889 1235 954 Melitensem
1250 890 1401 973 oonfnpit,

286 1003 415 1063 cumane
437 981 485 1045 nel
507 1001 542 1044 eo
564 979 633 1061 ipso
656 980 721 1044 loco
738 977 834 1060 pueri
856 1000 878 1042 a
895 983 990 1059 patre
1011 977 1104 1042 missi
1127 985 1255 1042 mortem
1277 978 1316 1043 in
1333 1000 1435 1045 sams

285 1071 493 1149 intenderent,
523 1067 697 1133 Enstmim
724 1087 886 1148 repressus
914 1065 1020 1148 ipsam
1049 1065 1196 1132 liberarit
1225 1073 1317 1148 atque
1343 1088 1404 1148 per

291 1157 517 1225 Gundoaldum
531 1157 621 1221 urbis
635 1155 726 1221 illius
741 1154 925 1238 pontificem
940 1153 1045 1219 sacris
1058 1154 1194 1220 cestibus
1207 1155 1404 1220 induendam

287 1245 420 1312 curauit.
477 1247 566 1311 Tunc
594 1243 822 1310 monasterinm
851 1242 1014 1325 cirpinnm
1043 1244 1223 1309 Enoriacos
1251 1245 1299 1308 vel
1327 1244 1403 1309 Bri·

284 1336 409 1418 pense1,
428 1340 540 1416 postea
562 1354 600 1399 eu
622 1341 752 1398 sanctae
774 1331 901 1396 nomine
919 1332 1031 1396 Foras
1052 1332 1288 1413 monasterinm,
1312 1333 1404 1398 bodie

286 1423 526 1490 Faremcntiers
559 1423 765 1504 appellatam,
799 1420 838 1485 in
867 1421 932 1485 solo
957 1427 1097 1502 paterno
1124 1421 1330 1502 aedificem
1358 1429 1405 1487 est
1423 1450 1450 1489 so

287 1533 455 1594 curamque
495 1509 692 1590 aedificandi
733 1509 906 1574 Eustasius
945 1509 1109 1575 monacbis
1149 1511 1282 1592 dnobu,
1322 1509 1403 1576 (lba-

284 1602 421 1684 pnoaldo
444 1600 561 1666 scilicet
588 1597 690 1678 fratri
714 1599 840 1680 puellae
862 1605 892 1662 et
915 1598 1122 1679 Waldeberto,
1153 1598 1308 1664 commisit
1335 1621 1403 1664 nna

287 1711 356 1756 cnrn
390 1689 501 1771 repnla
534 1689 683 1753 docenda.
741 1687 865 1752 Domus
873 1688 894 1766 Ι,
930 1707 990 1768 qno
1028 1687 1130 1752 tribus
1168 1687 1259 1752 ostiis
1296 1687 1403 1753 aditus

280 1779 419 1860 patebat,
450 1783 480 1841 et
508 1777 603 1841 cellas
632 1782 661 1840 et
690 1775 911 1841 dormitorium
941 1797 1100 1841 commune
1129 1777 1405 1858 omnprebendebat

287 1887 386 1948 neque
400 1867 510 1930 bortns
525 1867 641 1945 deerat,
665 1864 701 1929 in
717 1885 776 1946 qno
796 1865 883 1930 olera
906 1867 950 1930 acl
967 1865 1135 1946 coquinam
1157 1865 1340 1930 necessario
1363 1867 1403 1932 ab
1422 1893 1449 1932 15

286 1954 366 2037 ipsis
388 1953 568 2037 cispinibns
590 1954 790 2034 colebantnr;
814 1959 909 2018 totnm
925 1959 1029 2018 antem
1043 1953 1271 2019 monasterinm
1285 1953 1404 2036 saeptis

287 2045 334 2109 nel
356 2045 440 2109 oallo
468 2043 659 2124 minuebatur,
688 2064 769 2124 quae
799 2042 1010 2107 transiliendo
1039 2042 1158 2107 violari
1187 2063 1251 2107 non
1281 2043 1400 2108 licebat.

286 2133 546 2214 Bnrpnndofara
574 2139 676 2196 mater
704 2131 884 2214 cirpinibns
907 2137 1062 2212 praeerat
1094 2131 1221 2213 aliaque
1255 2131 1403 2196 cellariae

287 2242 416 2285 munere
452 2221 655 2302 funpebatur.
721 2220 800 2286 Onne
838 2219 1017 2285 abbatissae
1053 2220 1145 2298 fama
1181 2221 1307 2300 passim
1342 2241 1404 2302 per

293 2308 421 2374 Gallias
451 2315 543 2389 atque
572 2307 667 2372 etiarn
690 2330 752 2390 per
780 2308 981 2373 Britannias
1011 2309 1227 2390 celebraretur,
1256 2329 1403 2390 proceres
1421 2337 1449 2376 so

287 2418 353 2461 non
389 2397 490 2460 solnm
527 2397 747 2479 Francorum,
790 2399 846 2462 secl
882 2396 978 2460 etiarn
1015 2397 1278 2478 Anplosanonnm
1315 2397 1403 2478 filias

287 2485 478 2550 erudiendas
512 2506 550 2550 oc
583 2507 696 2567 sponso
731 2485 855 2552 caelesti
887 2484 1068 2567 innpendos
1100 2485 1166 2566 ipsi
1200 2488 1368 2552 tradebant
1380 2487 1401 2566 ³,

286 2574 335 2638 ita
363 2580 398 2638 nt
426 2573 567 2656 nirpines
596 2575 711 2639 multas
740 2596 775 2639 eo
803 2575 1007 2655 confluerent,
1037 2574 1190 2656 inprimis
1219 2597 1235 2640 e
1263 2575 1403 2655 familiis

287 2662 445 2737 nobilibus
479 2669 575 2727 ortae.
633 2663 789 2728 Instituta
826 2662 1021 2727 coenobialia
1058 2686 1080 2728 a
1108 2664 1289 2747 praeceptis
1323 2685 1402 2747 quus

286 2751 450 2816 monacbis
470 2751 539 2816 suis
559 2751 771 2817 Columbanns
794 2753 923 2817 dederat
938 2772 1060 2833 parurn
1083 2752 1282 2830 differebant.
1325 2753 1402 2819 Con·
1421 2779 1448 2819 ss

286 2840 456 2918 fossionem
478 2843 566 2921 apud
593 2847 727 2905 matrem
755 2839 896 2922 oirpines
925 2842 1154 2922 erpronrebant,
1185 2862 1265 2922 quae
1288 2841 1402 2926 paeni·

287 2928 417 2993 tentiam
441 2931 485 2992 ad
506 2929 649 3010 repnlan
668 2929 871 3010 necantibus
892 2927 1059 3010 irrepebat
1081 2952 1102 2994 o
1125 2951 1252 3012 corpore
1267 2929 1403 2995 Domini

286 3017 352 3082 iam
375 3017 555 3099 seprepatis.
602 3017 714 3083 Etiam
737 3017 901 3082 cotidiana
931 3017 1044 3082 delicta
1073 3018 1110 3082 in
1140 3019 1335 3100 capitatione,
1366 3018 1403 3082 in

286 3126 436 3187 sermone,
460 3106 497 3170 in
520 3127 610 3188 opere
633 3106 799 3172 commissa
815 3106 959 3186 confiteri
974 3109 1140 3189 oportebat,
1161 3114 1266 3189 terque
1281 3107 1401 3187 cotidie,

285 3195 367 3260 sient
399 3202 469 3260 erat
502 3202 531 3260 st
563 3196 751 3260 monasterii
785 3203 815 3262 et
847 3196 974 3278 repulse
1008 3199 1209 3280 consuetudo,
1238 3218 1301 3278 per
1335 3218 1403 3262 oon·
1422 3224 1449 3262 so

285 3284 454 3362 sessionem
487 3306 575 3349 mens
598 3286 829 3366 pnrpabotnr4.
889 3283 968 3350 Ourn
1003 3284 1194 3352 Columbano
1227 3285 1305 3351 bina
1334 3307 1403 3350 con-

286 3373 384 3451 sessio
418 3372 592 3451 suffecisset
625 3374 777 3455 tertiaque
811 3397 832 3438 a
866 3373 995 3439 Donato
1030 3374 1142 3439 additu
1176 3381 1269 3455 esset,
1308 3373 1404 3439 buius

286 3462 428 3541 reputant
450 3461 487 3525 in
509 3461 700 3526 monasterio
722 3461 934 3526 Enoriacensi
957 3485 979 3527 a
1000 3463 1179 3543 oirpinibns
1208 3462 1404 3526 observatam

286 3569 352 3612 esse
385 3569 423 3612 en
457 3549 514 3612 bos
551 3550 615 3612 loco
650 3549 794 3613 oonclnsli
828 3549 906 3614 licet.
965 3549 1146 3614 Missurum
1179 3549 1345 3614 sollemnia
1382 3573 1404 3614 a

287 3637 438 3701 rnonacbo
462 3637 708 3716 celebrabuntur,
733 3657 793 3717 qno
822 3657 951 3700 innuere
974 3637 1076 3701 Ionas
1106 3637 1264 3718 qnondam
1293 3636 1403 3719 fnnpe-
1423 3667 1449 3708 ss

287 3725 388 3805 batur,
412 3725 517 3805 eisque
538 3723 798 3806 Bnrpnnolofaro
827 3745 897 3788 cnm
925 3725 1123 3802 famularum
1152 3724 1278 3806 callepio
1307 3724 1403 3792 inter·

286 3819 364 3876 erat.
411 3811 542 3894 Virpini
567 3812 775 3888 moribundae
798 3812 940 3893 reliquae
963 3833 1032 3877 cunc
1054 3819 1156 3878 matre
1177 3815 1223 3879 acl
1243 3835 1404 3898 supremos

286 3901 419 3966 bonores
434 3903 649 3984 praestandos
672 3903 810 3966 aderant
824 3901 1056 3983 psallentesque
1077 3903 1221 3968 animam
1244 3911 1403 3970 exeuntem

288 4128 313 4198 1)
333 4129 417 4194 Beda,
436 4129 507 4187 Hist,
526 4129 584 4182 eccl.
603 4128 658 4195 III,
672 4130 705 4183 8:
723 4127 752 4180 in
770 4128 944 4197 monasterio,
964 4128 1037 4198 quod
1055 4129 1084 4182 in
1102 4147 1131 4184 re
1154 4130 1214 4184 'ono
1232 4130 1402 4186 Francorum

286 4202 473 4252 constructum
499 4203 540 4252 est
564 4199 599 4252 ab
622 4198 759 4252 abbatissa
782 4199 951 4253 nobilissima
968 4201 1102 4254 vocabulo
1145 4219 1193 4254 ara
1216 4202 1245 4255 in
1270 4204 1330 4256 loco
1357 4201 1403 4271 qui
1420 4218 1447 4258 40

286 4270 387 4324 dicitur
407 4271 436 4324 in
454 4270 546 4340 Brige.
618 4272 646 4339 2)
671 4271 1028 4339 V.cotnmo.11,11-22.
1101 4273 1128 4344 3)
1151 4275 1234 4340 Beda,
1253 4275 1325 4328 Hist.
1345 4275 1402 4326 scel.

285 4343 343 4406 III,
362 4345 387 4397 8.
436 4343 626 4396 Willesns'ncloc
656 4359 690 4396 ccc
716 4359 809 4410 penore
836 4345 1008 4397 Soranorum
1035 4346 1118 4398 Ionos
1145 4346 1185 4412 II,
1205 4348 1247 4412 17,
1276 4347 1401 4404 meminit,

286 4416 314 4479 4)
335 4413 365 4468 V.
385 4414 501 4471 Columb.
520 4415 615 4481 11,19.
