3222 5030
425 463 551 536 IONAS,
564 465 686 522 VITAE
705 469 933 527 COLUMBANI
950 472 1059 528 LIBRI
1076 473 1116 532 H.
1316 483 1332 536 7

210 645 341 711 minime
358 653 493 729 poterat.
544 650 682 716 Tontmn
704 651 788 717 enim
811 653 929 735 abmat,
954 659 990 719 nt
1010 653 1229 724 iurisdictioni
1251 659 1332 725 dioe-

211 757 344 801 cesanae
366 757 432 802 sese
454 737 614 820 subiceret,
638 746 807 806 utcontra
823 741 970 824 propriis
993 743 1112 826 teqibus
1134 745 1260 813 viveret.

319 843 418 908 Scotti
428 843 466 909 in
480 843 641 910 Christum
653 849 818 930 credentes,
825 853 994 934 postquam
1006 850 1332 934 opiscopumprimmn

211 957 234 1000 a
250 931 426 1000 Caelestino
431 955 522 1016 papa
531 955 562 998 a.
571 939 647 998 431.
660 943 846 1018 acceperunt
856 937 1043 1003 Pottadinm
1052 940 1073 1021 1,
1090 961 1160 1005 cum
1171 941 1333 1007 ecetesiam
1411 951 1413 957 '

181 1043 304 1087 seuam
326 1021 530 1087 monasteriis
553 1023 689 1089 conditis
711 1046 848 1090 crescere
869 1025 1032 1108 vidissent,
1061 1028 1175 1094 iisdem
1198 1032 1236 1094 de
1257 1051 1332 1112 pro·

206 1113 365 1194 paqanda
394 1112 458 1190 fide
487 1111 667 1178 cbristiana
697 1113 809 1195 aptium
842 1115 966 1181 meritis
992 1116 1214 1199 principatum
1243 1120 1332 1184 ecato-

211 1199 376 1266 siasticam
413 1199 480 1264 iam
518 1218 702 1284 concessere,
741 1202 790 1268 ita
826 1210 862 1268 ut
898 1225 964 1270 non
1001 1206 1102 1270 sotum
1134 1205 1173 1271 in
1205 1207 1333 1273 subdita

210 1287 406 1354 monasteria
433 1288 684 1372 dominarentur,
714 1294 771 1356 sed
799 1291 895 1356 ctimn
917 1313 980 1374 per
1009 1299 1105 1368 totam
1128 1295 1332 1376 provimiam

211 1377 401 1459 acquisitam
437 1376 690 1444 iurisdictionem
727 1380 970 1446 ecclesiasticam
1007 1390 1194 1448 evacuent.
1252 1385 1332 1451 Uam

142 1466 311 1555 *1oiqitnr
332 1465 480 1531 mandabi
503 1466 616 1547 officia
639 1468 716 1533 cieri
738 1469 913 1534 saecularis
935 1469 1109 1553 implerent,
1133 1473 1255 1552 factum
1277 1480 1330 1555 est,

210 1562 246 1620 ut
259 1561 289 1620 et
302 1554 404 1636 ipsias
419 1555 552 1620 bonores
567 1556 733 1622 ambirent.
764 1558 967 1623 Monasterio
975 1559 1157 1641 principaii
1165 1564 1332 1645 presbyter

211 1650 240 1709 et
261 1646 360 1709 abbas
376 1650 538 1726 praeerat,
562 1645 618 1726 qui
640 1645 831 1711 humititatis
849 1668 948 1712 cansa
970 1648 1164 1730 superiorem
1187 1651 1331 1717 ordimem

210 1734 394 1816 respuebat,·
427 1753 562 1798 munera
591 1741 696 1799 autem
724 1735 783 1801 itta
812 1756 892 1818 qnae
921 1736 1030 1802 ordini
1062 1737 1233 1820 episcopati
1262 1761 1330 1805 con·

210 1821 385 1905 veniebant,
416 1823 499 1887 vetut
521 1823 785 1890 consecrationem
814 1824 968 1890 attarium
991 1832 1102 1908 cetera,
1133 1827 1241 1893 abbati
1263 1829 1331 1894 sub·

167 1937 192 1976 ss
211 1911 271 1977 diti
286 1912 518 1993 exequebantur
532 1918 562 1976 et
576 1913 724 1978 monacbi
739 1919 769 1978 et
782 1913 918 1996 episcopi
928 1917 949 1977 ².
977 1915 1183 1981 Monasteria
1199 1918 1331 1982 deducto

209 2003 304 2081 Jtrmo
326 1999 568 2066 moestitudinis
590 2000 715 2066 vinonio
738 2013 807 2066 cam
824 2009 927 2067 matre
947 2003 1116 2069 coniuncta
1133 2007 1329 2087 perstabant,

211 2096 333 2171 totoque
365 2089 499 2154 societas
531 2089 742 2155 ecelesiastica
768 2090 973 2172 praesidente
1006 2092 1117 2158 abbate
1148 2095 1331 2176 presbytero
1457 2159 1460 2166 ,

210 2199 360 2260 mapnam
382 2177 546 2258 familiam
569 2178 695 2258 efficere
717 2178 891 2245 videbatur.
938 2181 1075 2245 Tantum
1098 2187 1202 2246 antem
1224 2203 1330 2246 mono·

211 2269 340 2334 eborum
369 2287 536 2332 nnmerum
564 2267 761 2333 monasteria
787 2267 847 2333 dia
881 2289 1120 2350 nonnumquam
1153 2269 1329 2352 capiebant,

166 2383 192 2420 20
210 2363 246 2422 nt
272 2357 356 2422 vetat
383 2355 607 2422 Banoorenses
635 2356 776 2423 Wuttiae
809 2356 847 2422 in
880 2364 995 2438 septem
1028 2363 1150 2422 turmas
1184 2358 1331 2440 dispositi

211 2452 321 2526 essent,
343 2465 480 2526 quarum
502 2446 593 2511 natta
615 2445 722 2510 minus
746 2452 809 2510 300
829 2445 1009 2511 bominibus
1031 2447 1331 2530 comprehendisset·

212 2541 334 2600 turmae
357 2555 378 2598 a
395 2533 591 2616 praepositis
613 2536 803 2616 repebantar
818 2555 982 2616 omnesque
998 2536 1035 2600 de
1050 2536 1157 2600 labore
1178 2557 1331 2600 manuum

211 2644 344 2688 suarum
372 2622 477 2687 vivere
505 2623 677 2688 sotebantss.
724 2623 823 2688 Scotti
849 2644 920 2688 cnm
942 2623 1162 2688 consuetudini
1184 2624 1332 2690 ecciesiae

217 2711 408 2778 Gallicanae
439 2711 666 2793 Rornanaeqne
696 2711 862 2790 contraria
894 2712 994 2777 muita
1023 2714 1183 2794 parebant,
1215 2719 1280 2778 tum
1309 2735 1332 2778 a

165 2801 350 2866 vomeribus
371 2800 536 2883 utriusque
561 2799 670 2866 atiena
695 2799 761 2865 trio
783 2800 921 2866 manime
938 2800 1109 2882 faciebant,
1133 2823 1191 2867 nec
1206 2802 1332 2882 paseha

210 2911 267 2954 suc
297 2896 432 2972 tempore
461 2891 650 2955 celebrantes
681 2911 738 2956 nec
769 2889 886 2955 misem
916 2910 1003 2954 more
1032 2889 1123 2954 sabito
1136 2955 1137 2958 ,
1152 2911 1332 2972 comamque

210 2977 306 3044 atiter
343 2981 512 3044 tondentes.
577 2978 667 3044 Gadi
704 2979 790 3044 enim
831 2977 965 3044 Victorii
1002 2977 1163 3060 Aquitani
1205 3000 1331 3044 cursum

206 3068 390 3148 pasobatcm
417 3067 456 3132 in
485 3067 617 3134 concilio
640 3067 873 3133 Aurelianensi
895 3089 925 3131 a.
944 3073 1019 3132 541.
1043 3068 1242 3132 sonuerant4
1271 3067 1331 3132 aab·

210 3156 363 3222 calatoris
395 3155 486 3221 ittins
518 3157 705 3239 scrupulosi,
744 3156 800 3239 qui
832 3156 923 3221 iussn
956 3155 1072 3221 Hilari
1110 3155 1332 3221 archidiaconi

165 3270 192 3310 so
210 3267 241 3310 a.
267 3251 341 3310 457.
377 3246 496 3328 opetum
529 3245 757 3328 Aeqpptiornm
795 3245 1105 3310 decemnovennalem
1138 3243 1331 3309 Latinorum

210 3333 285 3400 asni
307 3336 461 3416 adaptare
484 3341 615 3400 conotus
638 3341 708 3398 erat
716 3334 736 3416 ⁵,
761 3335 842 3415 teqes
863 3332 1028 3413 utriusque
1044 3331 1154 3414 partis
1175 3332 1224 3397 ita
1246 3331 1332 3397 inter

209 3444 243 3488 se
272 3422 465 3488 concilians:
499 3445 569 3488 cnm
598 3421 650 3488 die
679 3421 835 3488 dominico
865 3421 944 3486 buno
975 3421 1055 3486 XV.
1080 3421 1185 3502 primi
1213 3419 1332 3486 menas

203 3511 408 3594 proveniente
431 3511 549 3578 Graeci
565 3511 690 3594 poscbo
713 3511 913 3591 celebrarent,
938 3509 1054 3575 Latini
1077 3516 1181 3575 autem
1203 3509 1241 3574 in
1263 3511 1331 3576 snb·

209 3607 385 3682 sequentem
403 3599 595 3666 dominicum
610 3600 693 3665 iitud
707 3599 882 3680 differrent,
906 3598 954 3664 ita
972 3605 1008 3664 ut
1021 3598 1072 3663 itti
1088 3599 1198 3663 tanam
1216 3599 1253 3662 X
1260 3599 1331 3664 V—

165 3713 191 3752 n
212 3689 317 3771 XXI,
341 3689 377 3754 bi
402 3687 669 3754 XVI-XXII.
694 3690 904 3769 observarent,
934 3687 1002 3769 ipse
1024 3693 1190 3769 utramque
1206 3687 1332 3770 pascba

208 3780 426 3860 adnotaverat,
465 3777 609 3844 electioni
640 3777 757 3860 papati
793 3775 980 3842 decisionem
1019 3782 1116 3842 totam
1153 3797 1330 3842 reservans.

210 3866 308 3932 Scotti
330 3888 400 3932 cum
423 3866 627 3932 Brittonibus
648 3872 783 3949 utraque
806 3865 931 3931 ratione
959 3865 1139 3948 improbato
1161 3865 1287 3947 pascba
1310 3887 1332 3930 a

209 3956 288 4021 tuno
305 3955 408 4021 XIV.
428 3977 525 4038 usqne
543 3958 588 4021 ad
604 3956 687 4020 XX.
704 3956 912 4036 celebrabant,
938 3974 1067 4037 cumque
1082 3954 1119 4019 in
1135 3953 1332 4036 aequinoctio

210 4165 237 4234 1)
263 4165 393 4233 Prospera·
412 4167 521 4234 curan,
540 4167 618 4222 Anat.
637 4167 721 4234 antiq.
740 4166 792 4231 IX,
809 4167 910 4233 pus.
949 4164 991 4228 Os.
1010 4163 1051 4219 W.
1070 4163 1192 4230 Levtson,
1212 4162 1334 4227 ‘Bisebof

163 4245 190 4284 40
210 4237 363 4290 Gummvns
379 4254 430 4291 von
448 4237 591 4302 Auaerrc',
610 4239 653 4292 (Ν.
672 4235 765 4292 Arois!
781 4236 889 4302 XXIX,
904 4253 934 4303 p.
948 4237 990 4291 98.
1010 4237 1070 4289 167.
1144 4233 1172 4303 2)
1190 4233 1274 4298 Beda,
1294 4231 1331 4293 Η,

208 4309 266 4363 eod.
285 4309 342 4375 III,
354 4311 381 4365 4.
454 4308 482 4379 3)
500 4309 541 4364 Ib.
560 4309 638 4376 11,2.
699 4307 728 4379 4)
748 4308 869 4362 Conubia
886 4308 925 4360 ad.
945 4307 1073 4358 Monesen
1090 4305 1171 4371 I,87.
1244 4306 1272 4370 5)
1291 4304 1332 4357 Dc

208 4383 361 4446 quaestione
372 4381 501 4448 paedatt
510 4382 540 4433 tn
552 4379 696 4432 annoti'bus
707 4382 808 4433 nonnis
815 4379 925 4445 menius
936 4377 1052 4428 disserui
1064 4376 1137 4439 (‘Dv'e
1150 4374 1332 4442 Einfdbrunp

207 4452 254 4502 des
277 4452 456 4517 prinobisoben
473 4450 662 4504 Pascbotrs'tns
679 4453 716 4502 im
734 4448 922 4512 Abardionde’,
941 4447 985 4502 (Ν,
1004 4445 1097 4500 Arob!
1116 4446 1169 4514 IX,
1190 4447 1239 4501 101
1253 4452 1331 4514 sqq),
