3222 5030
418 442 544 512 IONAS,
557 442 678 501 VITAE
697 443 926 502 COLUMBANI
943 445 1053 505 LIBRI
1071 446 1111 504 II'.
1291 454 1325 510 ll

204 626 285 692 tulit.
336 627 443 708 Quare
474 625 687 692 Columbanus
708 634 882 711 permotus,
917 635 1036 694 mutato
1066 630 1205 711 consilio,
1234 653 1324 716 pere·

202 715 417 798 privationem
433 736 527 781 suam
545 716 659 783 iterum
676 715 907 800 interrumpere
929 718 1101 800 constituit,
1126 719 1155 784 si
1177 721 1267 799 forte
1278 719 1325 788 ‘in

204 804 351 870 cordibus
382 803 523 886 qeutium
551 803 734 870 vicinarum
762 807 858 884 pidem
886 827 990 872 serere
1012 807 1169 872 valeret1.
1206 809 1312 891 Eleq'

205 893 353 975 oppidum
375 898 536 974 vetustum,
568 893 641 958 olim
665 915 737 958 vero
760 893 910 975 dirutum,
935 895 987 960 cui
1008 895 1189 978 Briqanliu
1211 919 1325 963 nornen

172 989 281 1064 serat,
312 983 396 1063 quod
424 983 469 1046 ad
493 983 597 1046 lacum
620 981 766 1047 eiusdem·
779 982 920 1048 nominis
943 983 1038 1050 situm
1061 984 1156 1050 binas
1177 988 1326 1068 tanqebut

203 1071 274 1136 vias
289 1069 517 1137 celeberrimas.
550 1070 680 1137 Eniude
691 1071 890 1136 Alamannis
898 1073 1042 1155 puqanis
1053 1075 1133 1153 fides
1145 1074 1325 1141 cbristicna

197 1158 387 1242 praedimri
410 1165 516 1241 coepta
539 1166 593 1224 est.
1037 1219 1039 1225 .

310 1247 460 1312 Rbenum
492 1247 629 1326 flurium
662 1248 823 1331 naviqaus
849 1271 911 1330 per
942 1251 1051 1318 urbem
1080 1251 1324 1334 Maqontiaeum

154 1361 158 1366 ·
197 1337 362 1418 profectus
395 1343 448 1417 est,
479 1337 534 1402 ubi
556 1336 652 1402 Lesio
680 1337 845 1421 episcopus
874 1337 1036 1404 alimentis
1061 1361 1131 1404 eum
1160 1340 1322 1407 instravit.

158 1452 185 1490 10
203 1425 351 1507 Denique
374 1427 419 1490 ad
447 1427 547 1491 lomim
576 1447 666 1508 quem
695 1427 830 1508 eleqerat
857 1427 993 1510 appulit,
1027 1430 1084 1492 sed
1111 1429 1165 1494 ille
1193 1429 1324 1495 minime

196 1514 353 1596 placebat,
377 1535 569 1596 quamquam
591 1516 627 1579 ob
650 1515 746 1596 fidem
763 1514 801 1579 iu
814 1516 1140 1596 qentibussereudam
1156 1518 1324 1600 paulisper

202 1602 250 1668 ibi
264 1624 297 1668 sc
312 1609 576 1668 commoraturum
591 1623 656 1668 esse
670 1604 844 1685 spopondit.
884 1604 981 1670 Saevi
998 1605 1054 1686 qni
1072 1605 1118 1670 ibi
1135 1606 1324 1672 habitabant

203 1698 232 1756 et
254 1691 382 1774 paqani
411 1698 440 1756 et
469 1692 596 1756 nominc
625 1698 716 1757 tenus
745 1691 915 1758 cbristivni
941 1693 1037 1758 simul
1059 1715 1165 1759 munes
1187 1697 1243 1760 deo
1266 1716 1324 1760 suo

209 1780 355 1847 Wodano
377 1779 425 1845 ita
447 1779 634 1860 sacrificare
662 1781 812 1862 solebant,
842 1788 878 1846 ut
905 1803 962 1846 vas
991 1804 1142 1864 maqnum
1171 1783 1323 1849 cerevisia

157 1895 183 1934 ιε
195 1871 327 1952 plenum
361 1869 399 1934 iu
431 1869 534 1934 medio
561 1869 702 1951 positum
736 1876 822 1934 esset.
879 1870 1091 1936 Columbanus
1124 1893 1195 1937 eum
1229 1893 1324 1954 aqros
1414 1897 1416 1904 ·

202 1979 310 2023 eorum
321 1959 526 2040 perlustrans
540 1957 760 2038 sacrificantes
775 1958 1035 2040 deprehendisset,
1059 1959 1218 2043 liqamiua
1235 1961 1323 2026 vasis

202 2047 334 2112 dissolvi
356 2045 599 2128 cerevisiamque
622 2049 786 2128 profluere
808 2046 921 2128 iussit,·
950 2049 1083 2113 barbari
1104 2056 1208 2114 autem
1230 2071 1322 2115 evan·

200 2134 311 2218 qelicis
333 2135 401 2200 eius
423 2135 517 2200 dictis
540 2135 687 2218 castiqati
709 2135 801 2200 multi
830 2141 904 2201 tuuc
927 2138 972 2202 ad
992 2139 1088 2216 [idem
1111 2137 1322 2203 cbrislianam

202 2223 345 2290 conversi
367 2230 441 2289 sunt
463 2224 583 2306 aliique
605 2224 660 2306 qui
683 2224 838 2308 baptisati
864 2224 932 2289 iam
953 2232 1047 2290 erant
1067 2225 1171 2307 ipsius
1193 2226 1306 2292 mouit'

156 2337 184 2378 πο
201 2313 479 2396 superstitionibus
501 2335 534 2378 se
557 2313 779 2378 abstinuerunt
787 2315 808 2376 1.
855 2313 946 2379 Viclu
976 2314 1153 2380 necessario
1175 2315 1323 2382 monacbi

203 2401 301 2470 Scotti
323 2408 445 2484 eqentes
461 2423 523 2484 per
546 2401 687 2468 triduum
709 2402 820 2468 avibus
842 2405 1053 2485 vescebantur,
1081 2411 1196 2485 quarto
1217 2411 1322 2470 autem

202 2490 253 2556 die
286 2491 448 2572 episcopus
481 2489 613 2572 qnidam
645 2490 771 2556 aieirins
803 2491 959 2570 frumenti
992 2492 1115 2574 copiam
1144 2492 1191 2558 eis
1224 2493 1320 2560 misit.
1399 2517 1402 2524 ’

206 2578 360 2646 Oellubtm
381 2600 478 2661 quam
500 2579 563 2644 sibi
586 2586 807 2645 constraverat
826 2579 1038 2646 Columbanus
1053 2602 1138 2646 more
1153 2603 1209 2647 suo
1227 2583 1322 2649 certis

201 2667 390 2750 temporibus
427 2667 638 2750 relinquebat,
681 2671 895 2751 desertumque
932 2669 1060 2752 adiens,
1102 2671 1159 2736 sub
1195 2673 1321 2753 scopulo

156 2758 337 2839 aquodam
371 2757 581 2838 delitescebat,
618 2757 783 2823 comitante
815 2757 964 2822 ministro
997 2780 1063 2840 suo,
1098 2780 1159 2840 quo
1191 2781 1322 2826 munere

206 2845 431 2928 Obaqnooldus
453 2852 528 2911 tunc
549 2846 752 2928 fuuqebatur.
791 2845 850 2910 Ibi
871 2846 994 2912 ieiunio
1016 2868 1129 2929 eorpus
1151 2849 1322 2928 conficiens

201 2934 303 3000 cibum
325 2934 460 3015 sumpsit
476 2955 575 3015 poma
596 2934 655 3000 illa
678 2934 846 3015 silvestria,
871 2937 909 3000 de
931 2935 1044 3017 quibus
1067 2936 1148 3002 dini.

307 3023 412 3105 Prope
423 3022 634 3104 Briqautiam
650 3023 862 3089 Columbanus
876 3023 932 3088 viu
941 3045 1003 3105 per
1017 3025 1181 3091 biennium
1195 3026 1284 3091 restit
1292 3026 1319 3092 't.

205 3112 284 3180 Cum
314 3113 402 3194 apud
435 3111 657 3177 Oblotbarium
686 3118 874 3194 versarctur,
906 3111 947 3176 lis
975 3113 1061 3178 iuter
1087 3113 1321 3179 Tbeudericum

156 3224 182 3265 so
200 3208 230 3266 et
247 3202 498 3268 Tbeudebcrtum
517 3223 548 3266 a.
566 3198 677 3284 610l1.
694 3207 803 3266 errorta
820 3207 866 3265 est
883 3207 975 3282 alqm
992 3207 1121 3283 uterque
1141 3201 1320 3268 Oblolliarii

199 3290 375 3356 societatem
398 3289 533 3355 ambisse
555 3289 707 3354 videtur2.
753 3289 852 3354 Anno
873 3289 1060 3371 insequenti,
1084 3295 1254 3372 antequam
1276 3293 1322 3356 ad

193 3401 339 3462 pnqnam
368 3385 493 3444 ventum
515 3385 569 3460 est,
599 3378 812 3444 Columbanus
840 3379 886 3442 ad
911 3378 1161 3444 Tbeudebertum
1190 3379 1322 3452 accunt

199 3467 369 3550 suasitque,
393 3474 429 3534 ut
450 3489 515 3532 sua·
532 3473 641 3550 sponte
663 3465 795 3532 clauus
809 3467 908 3549 fieret,
932 3488 972 3532 ue
987 3473 1017 3532 et
1030 3487 1164 3549 reqnum
1178 3473 1208 3533 et
1221 3468 1320 3534 tritam

200 3563 363 3624 aeternam
383 3559 540 3640 perderet.
592 3557 683 3638 Quod
704 3555 872 3620 consilium
894 3577 972 3621 saue
994 3555 1177 3622 inauditum
1200 3557 1269 3640 reqi
1291 3565 1321 3622 et

156 3669 182 3710 n
199 3645 475 3714 circumstantibus
489 3645 592 3710 risum
607 3644 720 3726 movit,·
743 3665 808 3709 non
823 3644 908 3709 enim
922 3645 1186 3729 Merovinqorum
1200 3647 1318 3728 fuerat,

199 3755 296 3816 reqno
325 3733 465 3815 dimisso,
499 3735 583 3798 ultro
612 3740 724 3798 vestem
753 3740 885 3798 mutare.
938 3733 1066 3798 Bellum
1095 3734 1196 3817 iqilur
1218 3757 1320 3818 prope

203 3823 330 3887 Tullum
353 3844 383 3888 a.
402 3828 476 3886 612.
500 3844 604 3888 mense
620 3821 717 3887 Maio
733 3821 930 3887 commissum
949 3829 995 3887 est
1016 3823 1209 3905 alterumque
1232 3825 1321 3908 apnod

203 3911 408 3981 Tulbiacensc
445 3918 604 3992 castrum,·
640 3911 678 3976 in
714 3917 845 3992 utroque
883 3911 1117 3976 Tbcudcbertus
1154 3920 1319 3994 superatus

198 3999 310 4081 fuqam
344 3999 429 4081 iniit,
464 4001 520 4064 sed
552 4007 664 4083 captus
698 4006 727 4064 et
760 3999 941 4064 clericatum
974 4007 1004 4064 et
1031 4006 1161 4064 mortem
1189 4001 1317 4068 subiit3.

153 4112 181 4152 40
198 4088 346 4170 Denique
378 4095 500 4152 mortuo
527 4088 720 4154 Tbeuderieo
749 4087 956 4170 Cblotbarins
985 4110 1015 4152 a.
1041 4095 1115 4154 613.
1146 4089 1243 4153 trium
1273 4109 1318 4152 re-

197 4197 334 4259 quorum
351 4177 538 4242 monorvbia
555 4177 677 4258 potitus
699 4183 752 4258 est,
769 4177 850 4243 sicut
870 4175 1082 4242 Columbauus
1098 4177 1317 4258 praediceret.

199 4353 226 4417 1)
240 4351 271 4406 V.
287 4351 401 4406 columb.
418 4351 499 4416 Lm.
529 4409 531 4413 ,
572 4350 1039 4418 2)1o.1‚24;0f.,Fred.IV,37.
1113 4350 1140 4420 3)
1155 4351 1185 4406 V.
1201 4350 1319 4406 Columb.¹

199 4423 288 4490 I,28‚·
306 4423 341 4486 cf.
360 4423 440 4477 Frvd.
457 4421 507 4488 IV,
521 4423 565 4476 38.

252 4529 326 4572 Ionas.
653 4571 654 4574 ,
1105 4511 1123 4564 2
