3222 5032
436 448 564 519 IONAE,
577 449 699 504 VITAE
717 449 946 506 COLUMBANI
964 451 1073 507 LIBRI
1088 452 1128 510 11.
1306 458 1343 512 85

329 632 385 712 foi.
404 631 607 698 110—124‘.
631 633 668 698 V.
689 631 877 699 Uotumbaui
894 654 963 697 cum
985 631 1120 714 epistuia
1141 640 1172 698 et
1192 635 1343 700 laterado

221 720 361 802 capitum
391 721 467 784 iibri
496 721 527 801 I,
561 720 617 802 qui
646 721 694 786 ita
723 721 841 786 desiuit
868 721 950 786 sicud
977 721 1028 788 in¹
1044 722 1077 784 A
1096 728 1132 802 2,
1167 721 1257 787 tituto
1287 730 1341 787 30.

221 809 333 874 addito
357 808 489 890 (babet
510 809 632 873 Ailulfi
655 815 686 873 et
707 811 808 892 panto
832 815 923 891 past:
952 814 988 875 et
1018 811 1060 875 dc
1084 813 1340 878 constructione

223 899 325 964 Bobii
347 899 549 964 monasterii
572 902 608 963 et
631 899 765 963 obitum
790 900 821 963 b.
846 895 899 980 m),
930 904 960 962 et
987 898 1215 980 subscriptione
1244 907 1338 980 caret,

186 1009 203 1048 o
328 987 384 1066 foi.
404 985 599 1050 lud—125.
622 987 807 1052 laterculum
829 985 967 1067 capitum
989 987 1180 1068 II,1-10,

328 1075 385 1154 fot.
404 1080 596 1140 125—127.
627 1075 664 1138 V.
688 1075 827 1140 Atbatae
850 1074 920 1155 (II,
940 1077 1059 1156 1-6),

328 1163 385 1242 fot.
405 1167 601 1228 127-130‘.
625 1163 661 1228 V.
684 1163 835 1228 Etutam
857 1161 927 1244 (II,
945 1166 1081 1247 7—10).

221 1251 392 1336 Epistulae
420 1251 574 1333 praeviae
603 1253 712 1318 eadem
740 1273 821 1334 quae
853 1251 890 1317 in
920 1251 988 1316 As
1017 1252 1220 1335 praesmapta
1248 1259 1341 1318 sunt:

222 1342 353 1425 Incipit
382 1341 554 1426 praefatio
584 1338 639 1421 (dc
666 1342 739 1406 vitc
762 1341 969 1406 Columbani
990 1347 1102 1422 postea
1131 1339 1220 1424 add.)
1247 1349 1340 1424 atque

174 1452 204 1490 ιο
221 1429 317 1494 etiam
333 1429 547 1511 praescriptio
570 1435 671 1494 tentus
693 1451 763 1494 cum
785 1431 890 1494 eodem
912 1429 993 1494 libro
1016 1436 1162 1494 accurate
1185 1431 1338 1496 conoem't.

221 1519 410 1582 Latercuius
433 1517 510 1582 libri
532 1517 587 1582 ΙΙ.
611 1517 867 1599 praescriptione
896 1524 982 1582 caret
1009 1524 1102 1599 atque
1124 1518 1220 1583 etiam
1241 1519 1339 1584 textui

221 1607 335 1671 bruma
356 1606 480 1671 nultum
503 1606 611 1688 primo
634 1605 772 1670 inditum
794 1612 871 1687 erat,
895 1605 978 1671 simd
997 1605 1036 1670 in
1058 1606 1133 1687 As,
1157 1608 1213 1672 sed
1227 1614 1339 1689 postea

221 1695 353 1780 Incipit
381 1697 455 1760 vita
484 1696 595 1760 sancti
624 1695 728 1760 Atale
754 1693 959 1776 praescripta
986 1701 1071 1760 sunt.
1123 1695 1339 1777 Praescrrptio

221 1783 336 1864 capitis
358 1784 390 1847 Ι.
415 1789 489 1848 ante
511 1785 603 1868 Ergo
627 1784 776 1848 cottomta
798 1789 852 1863 est,
883 1783 1092 1848 consentiente
1119 1783 1234 1848 iterum
1257 1784 1337 1848 libro

173 1895 202 1934 ιτ»
220 1873 296 1936 As.
340 1871 486 1937 Alterius
515 1871 592 1936 libri
614 1871 721 1953 capita
743 1877 863 1935 7-10.
886 1878 1097 1936 numerantur
1121 1877 1222 1936 1-4.
1246 1879 1338 1954 atque

214 1960 484 2041 praescriptiones
507 1982 532 2025 c.
550 1966 581 2023 7.
600 1966 630 2025 et
651 1965 681 2024 8.
706 1959 938 2040 desiderantur,
961 1961 1017 2024 sed
1036 1981 1061 2024 c.
1080 1966 1109 2022 7.
1125 1982 1166 2023 m.
1183 1960 1226 2023 at.
1243 1981 1338 2042 prae·

219 2048 356 2130 scripsit,
387 2049 491 2113 uasis
519 2048 595 2113 aliis
623 2047 745 2114 uerbis:
779 2049 909 2132 Incipit
943 2049 985 2112 dc
1016 2053 1136 2112 sancto
1165 2049 1335 2125 cusiaco,

219 2139 386 2218 eademque
414 2136 672 2218 subscriptionem
701 2136 828 2202 addidit
858 2136 960 2201 banc:
988 2136 1140 2220 Explicit
1169 2137 1241 2200 vita
1270 2133 1336 2202 so-is

220 2224 298 2307 (sic)
322 2227 483 2290 Eustasii.

172 2338 202 2376 20
332 2313 436 2379 Codes
450 2336 466 2379 e
481 2314 604 2380 duabm
616 2313 766 2395 partibus
780 2319 909 2394 constat,
933 2312 1077 2394 equitus
1093 2312 1189 2394 prior
1204 2319 1337 2395 patrum

219 2401 499 2468 ecclesiasticorum
529 2404 680 2486 oprrsouia
710 2402 874 2468 continens
907 2423 988 2467 saec.
1014 2399 1082 2466 XI.
1112 2408 1248 2468 exarata
1281 2408 1335 2466 et.

219 2491 439 2572 Posteriorem,
471 2493 508 2556 de
530 2512 595 2572 qua
617 2490 670 2557 bic
691 2491 809 2573 apiiur,
839 2491 963 2556 saeculo
988 2490 1032 2554 X.
1057 2497 1169 2555 iuuere
1191 2490 1338 2556 attribuit

219 2580 260 2644 L.
284 2580 330 2647 H.
356 2581 509 2645 Lobandc
549 2579 707 2662 oataiopi¹
747 2586 866 2660 auctor,
907 2579 944 2644 iu
983 2579 1138 2645 ueteribus
1170 2579 1338 2663 scripturis
1431 2595 1436 2602 '

219 2668 437 2734 diiudicandis
464 2690 586 2750 porum
616 2675 768 2749 uersatus,
803 2689 902 2750 neque
932 2669 979 2732 H.
1003 2669 1039 2734 J.
1063 2668 1196 2733 Lawior
1222 2690 1258 2750 p.
1285 2667 1335 2749 13,

172 2780 201 2820 ss
219 2778 300 2822 saec.
326 2757 475 2822 X—XI.
499 2758 547 2822 cei
570 2756 713 2838 priorem
735 2778 817 2822 saec.
842 2757 909 2822 XI.
927 2763 1054 2838 partem
1076 2763 1278 2838 anteponens,
1300 2756 1337 2821 in

219 2852 336 2911 rectam
350 2853 435 2910 mam
450 2845 555 2926 rediit,
574 2867 650 2911 nam
666 2845 842 2928 scripturae
859 2845 1014 2927 specimen
1029 2848 1113 2926 quod
1126 2845 1243 2910 admoti
1257 2842 1336 2923 (tab.

220 2934 294 3018 IX)
315 2956 354 3000 ue
372 2934 553 3000 duodecimo
568 2934 693 3016 quidem
711 2935 835 3000 saecuto
852 2933 985 3000 attribui
997 2939 1099 3014 potest
1116 2933 1183 2998 uisi
1200 2933 1336 3012 exeunti.

325 3023 432 3104 Aua)
469 3023 574 3089 deea
603 3023 803 3088 bibtiotbecae
831 3022 939 3105 repiae
968 3021 1337 3103 anue-Comitum

221 3111 266 3188 X,
283 3118 324 3175 73
350 3110 462 3192 (anteo
485 3133 518 3176 n.
535 3113 627 3195 284),
657 3111 732 3176 olim
756 3111 790 3177 S.
813 3110 954 3191 Remini,
984 3130 1065 3175 saec.
1091 3109 1158 3190 XI,
1189 3109 1241 3174 cui
1264 3117 1338 3190 post

171 3223 201 3262 so
219 3201 398 3283 arpumenti
427 3199 637 3264 summarium
665 3221 764 3265 manu
793 3199 928 3281 antiqua
949 3204 1116 3263 exaratum
1139 3194 1210 3276 (foi.
1230 3200 1265 3280 1)
1288 3197 1336 3262 in·

217 3295 293 3354 suut
312 3289 407 3355 baec:

325 3378 381 3458 fot.
401 3377 540 3442 1¹-12‘.
564 3377 705 3442 Libellus
723 3377 761 3440 de
777 3375 925 3440 Eustasir'
943 3381 1035 3456 atoue
1053 3373 1248 3440 Watdeberti
1266 3375 1334 3440 abb.

218 3467 341 3530 Lurcoo.
375 3466 544 3532 virtutibus
577 3472 704 3531 auctore
736 3464 874 3544 Adsonc,
912 3485 1002 3546 quem
1035 3463 1091 3529 boc
1125 3462 1228 3529 codice
1260 3484 1337 3529 usus

218 3555 319 3620 edidit
346 3555 382 3621 0.
406 3555 674 3637 Homer-Effer,
700 3554 760 3618 SS.
786 3553 866 3633 XV,
885 3575 919 3634 p.
941 3554 1049 3635 11712,

172 3665 200 3706 ss
325 3644 382 3723 fot.
402 3645 563 3708 13‘-1c'.
595 3644 632 3708 V.
656 3641 805 3708 Eustasii
831 3641 897 3723 (II,
916 3641 1005 3723 tsq.)
1037 3664 1106 3708 cum
1132 3641 1337 3724 praefatione

218 3731 422 3816 interpolata,
461 3733 517 3796 sed
552 3730 760 3814 quaternione
796 3730 954 3816 deperdito
988 3737 1090 3796 tentus
1122 3731 1209 3796 ultra
1242 3732 1337 3796 cerba

219 3822 360 3886 vidisset
383 3822 582 3886 Eustasium
607 3817 674 3900 (II,
692 3818 726 3902 8)
750 3841 816 3884 non
833 3818 988 3902 pervenit,

325 3909 382 3988 fot.
402 3910 560 3974 17-52‘.
591 3909 628 3974 V.
657 3907 846 3974 Columbam'
867 3929 935 3972 una
958 3928 1028 3972 cum
1050 3907 1255 3989 carminibus,
1283 3907 1340 3972 sed

218 3999 333 4079 absque
355 3998 506 4063 laterculo
528 3996 676 4079 capitum,

171 4108 201 4147 co
324 4087 381 4166 foi.
399 4091 565 4150 53-58‘.
597 4085 634 4150 V.
657 4085 798 4150 Adicias
821 4082 888 4167 (II,
908 4081 1024 4167 1-6),

221 4259 246 4325 1)
274 4259 429 4328 ‘Catuloquc
444 4257 555 4325 prindrai
572 4260 617 4311 des
634 4275 696 4313 mss.
715 4259 760 4311 des
777 4257 847 4326 dipl
862 4258 990 4323 XXVII,
1004 4275 1033 4325 p.
1049 4259 1108 4312 182.
1180 4258 1209 4323 2)
1232 4257 1339 4308 Adsom'

217 4343 359 4394 copnmnen
377 4328 544 4382 Heimiricus
562 4329 759 4381 attribuendum
777 4337 823 4395 cet,
849 4330 917 4380 siud
940 4328 1071 4380 codicibus
1095 4332 1118 4380 ct
1136 4328 1207 4382 Ata
1230 4331 1254 4378 ci
1272 4326 1297 4378 B
1308 4329 1338 4382 lc

218 4400 445 4468 (Lcwlorp.10)
463 4400 659 4468 comprobatur,
681 4416 763 4468 neque
780 4398 960 4464 Hermiricus,
978 4399 1047 4467 quod
1064 4400 1093 4449 in
1111 4398 1221 4451 editione
1239 4397 1337 4463 optor

215 4469 278 4538 (SS.
297 4472 360 4536 XV,
375 4489 405 4538 p.
419 4473 497 4537 1171,
516 4471 532 4524 t.
546 4473 601 4536 20).
