3222 5030
180 2423 256 2474 ‘alt

271 473 308 529 ΙΙ
484 467 610 538 lousa,
623 467 746 523 VITAE
765 465 994 524 connatam
1012 467 1120 524 LIBRI
1136 467 1177 525 11.

363 651 459 718 Haec
482 651 548 717 tibi
572 651 741 718 dicturam
764 651 893 717 morbis
916 672 1098 737 oppressus
1122 651 1262 729 acervis,

362 740 512 826 Corpore
536 760 621 825 quos
643 739 763 824 fragili
786 740 900 826 patior
922 741 1084 826 tristique
1107 744 1257 818 senecta,

362 830 452 894 Nam
476 831 558 894 dum
583 829 765 914 praecipiti
788 827 956 894 labuntur
978 833 1136 915 tempora
1159 849 1271 906 cursu,

361 919 464 983 Nunc
488 919 532 983 ad
555 917 761 1002 olympiadis
783 921 838 984 ter
861 939 961 984 senos
984 913 1099 1002 (senae
1121 923 1203 983 reete
1226 917 1293 982 82.
1318 917 1352 983 P
1360 915 1391 1001 2)

1092 1027 1249 1073 remmus
1272 1026 1425 1072 annosa

362 1095 488 1161 Omnia
511 1097 745 1180 praetereunt,
769 1095 863 1178 fugit
885 1096 1117 1181 inreparabile
1139 1099 1286 1182 tempus,

362 1185 458 1262 Vive,
482 1184 560 1250 vale
584 1183 697 1249 laetus
719 1183 897 1268 tristisque
921 1189 1094 1251 memento
1118 1189 1287 1252 senectae.

277 1289 356 1358 Oum
379 1288 534 1374 olympiae
556 1309 626 1355 cnm
648 1288 752 1372 spatio
774 1295 922 1371 arentum
951 1311 1112 1356 annorum
1140 1291 1228 1372 apud
1254 1290 1393 1358 &cecos

272 1378 446 1460 conueniat,
463 1377 612 1464 plerique
634 1398 674 1442 ea
687 1378 744 1444 me
759 1378 901 1444 carmine
916 1380 1143 1462 concluserunt,
1166 1379 1393 1446 Columbauum

275 1473 315 1532 72
340 1488 444 1533 annos
467 1473 541 1533 tunc
563 1473 675 1533 natum
697 1467 829 1547 fuisset
873 1467 1005 1534 Omntat
1026 1489 1099 1534 vero
1122 1491 1144 1534 a
1160 1468 1265 1552 poetic
1281 1468 1393 1534 latinia
1412 1489 1440 1528 ιο

272 1578 342 1623 eam
372 1577 433 1639 pro
463 1557 562 1622 lustro
595 1555 700 1640 accepi
733 1555 862 1639 solere²,
897 1556 978 1623 sicut
1010 1564 1177 1640 utrumque
1211 1557 1395 1640 coaequarit

271 1645 439 1712 Ausonius
463 1645 591 1727 XXII,
616 1651 646 1727 4,
671 1652 707 1710 d:

362 1753 446 1818 Fors
470 1753 547 1832 erit,
571 1756 621 1830 ut,
646 1753 796 1817 lustrum
821 1773 899 1818 cum
923 1773 958 1819 se
983 1753 1212 1819 cumulaverit
1234 1754 1320 1831 istis,
1423 1733 1426 1740 ¹

416 1842 620 1908 Coniectum
644 1842 813 1907 Proculus
837 1843 951 1927 signet
975 1843 1215 1928 olympiadem,

271 1969 365 2032 ecque
387 1949 477 2015 morlo
500 1954 531 2014 et
557 1946 784 2014 Columbanum
800 1953 928 2032 poetam
950 1947 1177 2034 interpretatus
1206 1954 1251 2014 est
1273 1947 1439 2013 Melit-1⁶
1547 1996 1551 2003 .

272 2037 408 2104 loniuai.
456 2038 525 2104 Nec
547 2037 601 2102 ille
624 2057 749 2102 errasse
771 2037 852 2102 mitri
874 2036 1008 2115 ridetur,
1039 2037 1106 2102 nisi
1128 2039 1212 2120 quod
1237 2042 1275 2101 18
1300 2037 1392 2120 olym-

265 2127 383 2210 pinder
408 2127 525 2209 picum
547 2126 656 2209 lapsas
685 2146 750 2190 ecee
780 2125 923 2208 credidit,
954 2127 1029 2192 dum
1057 2127 1096 2192 de
1124 2125 1220 2191 initio
1249 2125 1393 2192 duodeci·

272 2215 405 2281 ceeimae
438 2215 556 2296 apitur,
591 2235 672 2296 quae
704 2213 790 2280 inter
819 2237 850 2279 a.
882 2221 1013 2280 86-90
1043 2214 1185 2280 uertitur.
1240 2215 1394 2281 Sanctum

272 2302 372 2388 ipitur
395 2303 567 2368 uerisimile
590 2309 635 2368 eet
654 2303 753 2386 paulo
776 2309 850 2369 ante
872 2325 903 2368 a.
929 2309 1004 2368 530.
1028 2309 1138 2369 natum
1161 2325 1236 2369 esee.

381 2409 536 2474 *Tantam
559 2407 699 2474 omnium
722 2409 790 2488 tere
805 2429 912 2474 rerum
928 2410 1028 2476 labem
1043 2409 1234 2492 ruinamque
1251 2409 1393 2476 homiues
1411 2433 1440 2472 so

272 2497 363 2564 iilius
385 2497 456 2564 aevi
479 2496 706 2579 importabant,
722 2517 913 2580 quocumque
931 2499 1035 2565 oculos
1049 2498 1209 2581 verterint,
1226 2505 1261 2564 nt
1275 2498 1393 2564 mirum

272 2586 411 2668 nonsit,
435 2587 519 2668 quod
539 2587 637 2666 finem
659 2585 772 2650 muudi
794 2586 1052 2670 appropinquare
1075 2589 1274 2654 credebantt
1315 2588 1392 2655 Gon-

271 2673 369 2755 secsio
402 2681 507 2741 autem
541 2681 571 2740 et
596 2673 798 2756 paenitentia
833 2675 1025 2743 Cotumbano
1053 2677 1262 2759 praedicante
1295 2683 1393 2742 morte

273 2763 411 2830 liberant
444 2769 537 2846 atqne
570 2764 618 2829 aet
646 2783 755 2848 parra
780 2771 913 2846 peccata
947 2765 1092 2845 confiteri
1125 2787 1203 2847 opus
1236 2772 1290 2832 est.
1347 2765 1393 2830 In

277 2851 396 2919 Gallia
418 2873 551 2934 eousque
580 2873 722 2918 ceccaum
751 2859 876 2918 tantum
903 2854 1071 2937 praviorec
1100 2854 1274 2937 disciplina
1304 2854 1393 2921 eccle·
1411 2875 1440 2916 aa

273 2940 404 3007 aarum
426 2940 681 3024 vindicabantur,
705 2941 753 3007 ita
778 2948 814 3006 ut
837 2950 1016 3024 peccatores
1046 2943 1393 3010 excommunicarentur

272 3029 420 3112 factaque
442 3030 645 3114 paenitentia
671 3030 802 3115 publiea
823 3031 861 3096 in
890 3032 1136 3098 communionem
1166 3033 1391 3116 reciperentur.

272 3117 447 3185 Menochia
469 3139 542 3184 uero
564 3118 679 3202 ubique
701 3120 749 3184 rel
771 3119 947 3187 minutiora
965 3128 1096 3203 peccatu
1118 3143 1186 3187 unu
1212 3144 1281 3188 cum
1311 3121 1393 3204 ipsis

272 3207 514 3292 capitationibus
536 3207 656 3274 seniori
679 3209 780 3275 celare
803 3230 868 3274 non
891 3209 1010 3291 licebat,
1033 3231 1129 3292 eaque
1144 3232 1240 3293 quam
1255 3209 1393 3275 manime
1489 3251 1500 3270 „

272 3299 412 3364 carenda
442 3304 543 3380 erant,
578 3319 656 3362 nam
684 3304 720 3362 ut
747 3297 923 3363 maioribus
952 3298 1105 3381 certisque
1135 3299 1238 3383 culpis
1267 3305 1393 3364 cunctos
1411 3320 1439 3360 ao

271 3387 433 3452 maculare
455 3407 520 3451 non
549 3387 632 3451 ualet
660 3385 815 3469 diabotus,
845 3387 894 3452 ita
922 3387 1099 3453 minoribns
1128 3388 1313 3472 occultisque
1341 3408 1393 3452 eos

265 3475 409 3556 polluere
431 3477 533 3540 studet
541 3475 562 3539 ⁵.
616 3473 694 3540 Oum
720 3481 785 3542 tota
808 3476 983 3542 Scottorum
1013 3477 1144 3542 eccmsia
1172 3498 1258 3542 more
1287 3497 1392 3542 coeno

272 3561 352 3628 diali
374 3561 521 3628 instituta
544 3569 630 3644 esset,
654 3562 748 3629 etium
772 3564 907 3646 priuata
935 3565 1013 3631 iaaac
1042 3565 1214 3645 confitendi
1242 3565 1326 3630 ratio
1354 3564 1392 3629 in

271 3672 364 3718 nsum
397 3657 520 3734 recepta
554 3658 606 3734 eet,
642 3658 735 3734 utque
769 3651 982 3719 Columbanne
1015 3655 1157 3734 eandem,
1191 3653 1273 3719 sicut
1306 3654 1393 3736 opud

270 3739 463 3822 mapistros⁶
484 3761 558 3805 euos
573 3741 766 3808 Hibernicos
788 3741 910 3806 usitato
926 3749 1003 3824 erat,
1027 3742 1064 3807 in
1085 3741 1228 3807 Galliam
1245 3742 1391 3807 Italiam·
1411 3763 1439 3804 a

271 3848 330 3912 que
358 3827 546 3912 introducit,
584 3832 668 3895 unde
698 3830 764 3912 ipse
793 3830 875 3895 iusto
905 3829 975 3895 iure
1004 3830 1096 3896 hodie
1128 3830 1291 3895 institutor
1323 3852 1391 3895 eon-

272 4021 299 4089 l)
326 4020 361 4076 Ε.
385 4038 429 4089 pr.
455 4020 545 4088 ΕΜ,
571 4021 672 4073 ‘Geraia
698 4022 725 4076 d.
749 4021 925 4078 chricti-lat.
952 4023 1106 4076 Lturamr’
1125 4023 1149 4088 I,
1168 4021 1252 4086 621²;
1282 4023 1390 4090 Hauon,

270 4091 493 4159 ‘Ktrctrenpeeetr’
512 4093 535 4157 I,
553 4110 581 4160 p.
595 4091 664 4147 584²
670 4109 681 4154 ,·
705 4094 739 4157 of.
758 4110 785 4160 p.
799 4095 851 4148 600
859 4093 876 4148 ⁸.
956 4095 983 4160 2)
1007 4095 1090 4146 Locos
1114 4096 1205 4147 citavit
1222 4093 1391 4147 Forcellr'nna

269 4179 291 4219 a
310 4181 332 4218 o.
352 4165 490 4230 olympiae.
545 4167 573 4231 3)
594 4164 717 4216 Annales
735 4165 792 4218 ard.
812 4166 840 4220 S.
857 4159 992 4218 Benedicti
1007 4166 1029 4233 I,
1045 4183 1074 4234 p.
1088 4169 1149 4221 308.
1203 4166 1231 4232 4)
1250 4166 1289 4232 Os.
1312 4166 1389 4231 Grec.

270 4235 309 4304 Μ.
328 4235 390 4301 Rep.
407 4235 459 4299 IX,
473 4237 525 4289 232
543 4237 582 4300 (a.
595 4237 669 4297 599),
688 4233 772 4300 Jaffi,
791 4235 854 4302 ch.
873 4236 1017 4299 n.1759²;
1037 4237 1195 4290 wambane·
1211 4253 1249 4306 ep.
1269 4253 1295 4292 a.
1309 4239 1390 4304 61213
1409 4244 1438 4284 40

270 4305 346 4373 (MG.
358 4306 410 4373 Ep.
424 4306 479 4365 III,
494 4322 524 4372 p.
539 4308 619 4371 171):
637 4303 758 4359 Mundus
771 4305 826 4357 iam
839 4305 968 4376 declinat,
986 4307 1113 4377 princeps
1130 4313 1273 4378 pastorum
1291 4322 1390 4376 appro-

269 4375 451 4500 &mlum
464 4376 558 4500 {me
576 4376 837 4517 Ζξοῑέἶόᾗῗξ
858 4380 938 4505 1596)
960 4380 1016 4433 an
1035 4387 1057 4432 et
1075 4383 1204 4450 inprimis
1222 4381 1390 4432 Vinniunum

558 4486 566 4514 r
645 4487 917 4514 ¹¹¹¹¹
