3222 5030
593 1266 948 1352 PRAEFATIO.

321 1436 426 1516 Jouas
450 1453 548 1517 abbas
577 1452 614 1516 de
641 1449 755 1516 titteris
777 1449 1036 1534 baqioqrapbicis
1058 1449 1204 1516 ecciesiae
1231 1449 1331 1516 Gabii-

215 1562 313 1607 cauae
347 1539 461 1623 optime
493 1539 625 1606 aceritus
657 1539 695 1604 iu
729 1539 927 1606 celeberrima
956 1538 1147 1605 mouasterio
1176 1538 1331 1604 Bobieusi

213 1651 277 1694 uou
302 1631 402 1695 sotum
424 1631 552 1712 requtae
568 1628 806 1712 praeceptisque
829 1628 1002 1694 cauditoris
1024 1635 1098 1694 tuuc
1119 1627 1245 1710 mortui,
1276 1630 1332 1694 sed

212 1719 308 1784 etiam
330 1717 476 1800 operibus
498 1717 649 1800 classicis,
679 1717 774 1783 vetuti
796 1717 882 1800 Liui,
914 1719 1085 1798 studuerat,
1117 1717 1207 1783 cuius
1230 1717 1330 1783 locum

212 1808 369 1888 queudam
399 1829 415 1871 e
444 1807 537 1872 tibris
567 1807 736 1890 deperditis
766 1808 981 1891 depromptum
1011 1807 1096 1871 sotus
1125 1806 1270 1888 seruauit,
1302 1813 1332 1871 ct

212 1897 283 1961 ticet
305 1903 374 1962 arte
397 1897 525 1961 omuiuo
548 1896 696 1978 caruerit,
727 1895 832 1978 ipsum
861 1903 967 1961 tamem
995 1895 1172 1960 studiorum
1200 1895 1330 1960 illorum

212 1985 346 2068 uestiqia
375 1986 532 2051 uouuutta
562 1992 591 2050 et
618 1985 787 2050 retinuisse
810 1991 839 2050 et
861 1984 999 2068 posteris
1022 1983 1193 2050 tradidisse
1215 1984 1329 2067 ucqari

212 2075 320 2157 aequit
341 2081 433 2157 atque
455 2073 607 2158 imprimis
637 2074 712 2140 Vita
740 2073 935 2155 Columbaui,
966 2075 1011 2138 ad
1032 2093 1128 2156 quam
1150 2094 1329 2155 compoueu-

212 2165 288 2228 dam
311 2163 488 2246 plurimum
517 2185 628 2247 operae
658 2170 687 2229 et
716 2162 900 2246 ditiqeutiae
929 2163 1096 2229 coututisse
1117 2162 1249 2243 uidetur,
1280 2184 1329 2228 erc·

213 2253 347 2334 emptum
369 2253 488 2333 fuctum
512 2260 564 2334 est,
588 2255 672 2335 quod
692 2273 883 2318 successores
905 2251 1117 2318 imitarentur.
1157 2251 1248 2318 Sicut
1275 2251 1329 2318 Co-

213 2341 361 2407 tumbauo
384 2345 460 2408 duce
477 2342 574 2408 Scotti
597 2341 805 2424 discipulique
820 2363 927 2407 eorum
942 2341 1103 2407 ecetesiam
1123 2340 1329 2407 Gallicanam

204 2431 348 2512 primum
360 2438 599 2514 reuocaueruut,
608 2431 889 2515 Auqtosarcouibus
900 2430 985 2496 riam
995 2430 1329 2514 sterueutes,aquibus

205 2527 315 2600 postea
346 2522 586 2603 erpettebautur,
622 2521 669 2586 ita
699 2520 754 2603 qui
783 2542 835 2586 res
863 2522 903 2586 ab
934 2519 980 2586 cis
1007 2526 1111 2603 postas
1143 2519 1329 2602 couscripsit

208 2616 319 2675 auctor
352 2609 426 2675 item
453 2610 655 2693 pereariuus,
691 2611 797 2676 Itatus
830 2609 956 2692 sedicet,
992 2611 1109 2675 uterum
1143 2608 1327 2692 iudiqeuam

209 2697 297 2764 itlius
327 2698 397 2765 aeui
427 2702 472 2765 ad
498 2699 582 2764 ritas
611 2699 829 2783 miraculaque
860 2698 1086 2766 couscribeuda
1109 2698 1202 2782 quusi
1224 2697 1326 2779 iufer-

208 2787 307 2853 mauit
328 2787 417 2871 eique
439 2788 617 2854 titterarum
638 2788 749 2872 peueri
772 2811 863 2854 suum
885 2788 1012 2872 siquum
1034 2787 1202 2871 impressit,
1227 2809 1326 2872 quare

208 2897 268 2958 qua
290 2877 327 2942 iu
347 2877 504 2942 codicibus
527 2877 691 2944 uouuuttis
714 2879 889 2961 appettatus
911 2884 956 2944 est
973 2877 1190 2960 praeceptoris
1212 2898 1325 2944 uomeu

208 2965 314 3048 atiquo
348 2968 438 3031 modo
473 2967 602 3047 defeudi
632 2973 741 3051 potest.
792 2968 906 3051 Itaque
938 2967 1023 3032 ritae
1056 2967 1125 3032 eius
1152 2987 1215 3048 per
1248 2968 1327 3033 duos

209 3054 406 3138 Scriptorum
434 3077 543 3121 rerum
572 3056 868 3140 Mercriuqicarum
899 3063 994 3121 tomos
1028 3055 1132 3122 adbuc
1166 3055 1327 3137 dispersae

208 3143 325 3226 diquae
347 3144 434 3210 uisae
451 3152 534 3228 suut,
558 3167 638 3228 quae
656 3167 796 3211 seorsum
813 3148 988 3226 edereutur,
1013 3167 1083 3211 aum
1100 3144 1241 3226 retiquae
1261 3151 1326 3210 tum

208 3233 344 3298 maxime
372 3233 559 3300 Odumbaui
586 3235 645 3301 itta
670 3234 880 3300 celeberrima.
926 3235 1029 3316 Atque
1058 3233 1095 3299 iu
1125 3235 1209 3299 bauc
1232 3255 1326 3317 prae·

209 3320 297 3403 cipue
320 3344 445 3405 operam
468 3323 665 3406 studiumque
690 3323 840 3406 impeudi,
872 3323 1063 3390 occasiouem
1086 3323 1276 3389 emeudaudi
1298 3331 1327 3389 et

208 3411 373 3494 supplendi
402 3419 523 3495 nactus,
554 3412 756 3494 omuibusque
786 3412 841 3494 qui
872 3412 939 3479 uoti
968 3420 1042 3478 suut
1071 3412 1229 3480 codicibus
1258 3413 1325 3478 iam

207 3499 407 3584 euamiuatis,
431 3509 460 3567 et
481 3501 677 3585 prooemium
700 3502 797 3568 tatius
820 3501 956 3569 accrevit
978 3509 1008 3568 et
1029 3509 1203 3585 apparatus
1230 3503 1325 3568 mutto

207 3589 343 3671 amplior
371 3591 513 3658 redditus
541 3598 595 3657 est.
642 3592 667 3655 I
668 3591 705 3657 tbi
734 3613 819 3657 uuuc
842 3591 961 3657 codices
989 3591 1074 3657 ibtati
1103 3598 1178 3657 suut
1200 3591 1326 3657 circiter

212 3676 325 3760 dxx,
356 3680 412 3761 qui
434 3679 471 3745 iu
494 3680 629 3746 editioue
645 3680 757 3764 priore
779 3682 911 3762 fueraut
935 3680 1000 3746 XL
1008 3703 1021 3764 ;
1050 3681 1123 3746 buic
1146 3681 1324 3762 permultae

206 3767 351 3834 tectiores
379 3777 577 3835 accesserunt
607 3776 637 3834 et
669 3769 822 3836 librorum
855 3770 923 3835 iam
953 3772 1071 3836 dudum
1100 3769 1323 3852 adhibitorum,

206 3876 282 3936 quos
304 3879 390 3922 uuuc
406 3858 536 3940 pteuius
559 3858 712 3942 exscripsi
735 3880 829 3941 quam
848 3866 952 3942 autea,
977 3866 1005 3925 et
1023 3880 1175 3926 uouorum
1194 3859 1322 3942 aliquot,

206 3945 318 4027 quibus
341 3948 385 4011 ad
407 3953 522 4013 tectum
543 3949 767 4014 reeeuseudum
790 3951 894 4014 adbuc
923 3971 1000 4015 usus
1023 3970 1088 4015 uou
1111 3969 1208 4014 eram.
1256 3950 1324 4014 Nec

206 4034 344 4117 amptius
367 4037 495 4102 cbartae
510 4037 683 4103 Bobieuses
705 4037 742 4103 iu
765 4040 856 4104 rebus
877 4037 972 4122 qestis
994 4037 1207 4105 describendis
1226 4038 1322 4120 ueqte-

204 4125 326 4205 qeudae
343 4132 445 4207 eraut,
461 4133 629 4208 postquam
643 4126 721 4208 fidei
741 4126 885 4210 ipsarum
903 4126 1044 4210 iusiqm's
1059 4127 1175 4192 uiuderc
1192 4126 1321 4192 iuterim

206 4212 354 4278 sacrato.
401 4215 475 4280 Vita
494 4216 640 4281 Vedastis
658 4217 781 4282 auctori
800 4238 856 4282 suo
873 4217 1019 4282 restituta
1037 4218 1075 4281 de
1093 4216 1158 4281 toea
1174 4214 1322 4297 baptismi

211 4299 417 4368 Obtodocecbi
439 4303 753 4375 uebemeutissimam·
768 4304 1012 4382 coutroversiam
1044 4304 1210 4386 iututerat,
1234 4304 1322 4368 data·

205 4410 264 4471 que
287 4391 456 4475 occasiaue,
481 4414 617 4475 eaquae
636 4401 708 4460 aute
727 4396 783 4460 bos
801 4415 904 4460 auuos
921 4393 982 4458 bae
1000 4395 1038 4458 de
1054 4413 1089 4457 re
1109 4392 1322 4461 disserueram
