3222 5030
445 469 570 540 loures,
583 471 706 527 VITAE
725 470 955 528 COLUMBANI
973 473 1082 530 LIBRI
1100 474 1139 530 Π.
1336 479 1353 534 5

226 650 344 732 quique
383 652 506 720 sciuros
550 674 588 718 eu
626 653 739 718 ardoris
777 656 927 721 arborum
966 655 1156 722 culminibus
1193 678 1351 724 arcessere

222 739 373 822 potu-crit,
397 763 475 824 quoe
498 742 576 808 collo
597 741 776 824 imponebat
797 749 854 807 aut
875 743 950 810 sinu
973 743 1145 828 recipiebat
1154 746 1176 809 1.

346 830 420 896 Vita
448 831 598 897 solitaria
622 832 797 896 Scottorum
821 831 953 914 plorum
981 833 1037 898 ubi
1066 833 1102 898 in
1131 834 1254 900 uicinia
1277 857 1350 917 pcr-

230 917 381 1000 crebruit,
420 921 532 1002 uulqus
568 919 709 1002 undique
742 941 776 985 eo
810 922 971 1000 confluere
1004 922 1103 1004 coepit
1136 929 1165 988 et
1198 923 1350 1007 inprimis

193 1007 319 1088 caeqri
352 1007 548 1092 infirmique
572 1011 608 1074 ab
642 1008 811 1074 sanitatem
840 1013 1091 1092 recuperandam
1123 1011 1350 1078 Columbanum

228 1095 482 1179 frequentabant,
513 1097 569 1179 qni
599 1097 797 1162 orationibus
826 1097 894 1164 suis
920 1120 1026 1164 munes
1049 1120 1176 1165 curasse
1199 1100 1348 1166 dicitur2.

233 1183 371 1266 Cumque
393 1185 488 1250 etiam
510 1185 735 1252 monaciorum
758 1186 889 1252 societas
911 1187 947 1252 iu
970 1187 1054 1252 diem
1076 1196 1225 1254 cresceret
1247 1190 1348 1254 multi-

228 1273 428 1355 tudinemque
443 1275 528 1340 iocus
542 1275 611 1354 sere
622 1297 735 1359 capere
750 1275 902 1358 nequiret,
919 1283 1048 1342 sanctus
1063 1279 1108 1342 aei
1121 1278 1348 1344 monasterium

228 1365 471 1428 construendum
493 1363 695 1429 Laecanium3
718 1371 856 1441 castrmn
879 1365 971 1448 eleqit
993 1365 1080 1432 circa
1103 1373 1168 1431 octo
1190 1367 1284 1432 milia
1306 1370 1346 1433 ab

180 1476 210 1515 ιο
227 1451 395 1533 Auaqrate
425 1452 559 1534 distans,
591 1453 705 1518 *iocum
728 1453 846 1519 scilicet
874 1454 1136 1536 opportuniorem,
1166 1455 1221 1521 ubi
1244 1476 1346 1538 aquae
1366 1478 1432 1530 *aa

227 1539 351 1606 calidae
380 1542 465 1607 cultu
493 1540 609 1608 catulo
643 1548 839 1608 constructae
871 1545 1029 1625 cambam,
1064 1564 1145 1626 quae
1177 1566 1275 1626 usque
1307 1545 1346 1610 iu

226 1629 414 1696 hodiernum
448 1630 531 1696 diem
564 1631 818 1712 frequentantur.
875 1629 1000 1698 Nonum
1037 1633 1264 1698 monasterium
1297 1635 1345 1700 rei

161 1765 163 1769 .
225 1718 380 1784 nobilium
402 1719 503 1800 liberi,
534 1719 716 1802 contemptis
737 1719 909 1787 bonoribus
932 1743 1108 1804 pompaque
1130 1722 1257 1804 saeculi,
1288 1745 1344 1788 uu·

225 1806 319 1888 dique
341 1810 499 1890 petebant,
531 1815 697 1890 tantusque
718 1809 823 1888 factus
846 1817 892 1876 est
912 1810 1140 1892 discipulorum
1163 1833 1342 1893 concursus,

179 1919 206 1962 ss
225 1895 281 1976 qui
310 1897 409 1962 cultui
437 1897 603 1979 reliqionis
631 1919 664 1962 sc
693 1899 805 1964 dedere
834 1898 1066 1980 desiderabant,
1096 1907 1132 1964 ut
1152 1921 1252 1966 unum
1282 1922 1343 1966 mo

224 1985 399 2050 nacborum
422 1987 584 2068 callepium
602 1987 670 2052 iam
687 1985 818 2052 minime
833 1987 1003 2067 sufficeret.
1048 1991 1154 2070 Quare
1169 1991 1233 2055 loco
1249 1990 1343 2072 aquis

224 2072 348 2156 irriquo
365 2075 578 2141 Columbanns
593 2077 727 2142 alterum
744 2075 919 2140 construxit
933 2077 1160 2142 monasterium
1173 2079 1342 2144 Fontanus

223 2163 350 2228 nomine
368 2185 441 2228 moa
457 2165 535 2230 adeo
553 2165 677 2246 celebre,
700 2170 736 2229 ut
753 2185 814 2246 per
833 2171 873 2228 60
895 2165 1038 2244 fratres⁴
1060 2166 1134 2248 apri
1157 2169 1340 2233 colerentur.

230 2251 402 2335 Utrumque
425 2275 494 2318 cum
516 2253 583 2319 iam
605 2275 690 2318 uuus
710 2255 890 2336 qubernare
907 2255 1061 2337 nequiret,
1078 2255 1278 2338 praepositos
1294 2257 1341 2322 in-

173 2364 205 2404 eo
223 2339 326 2406 stitu't
368 2341 521 2424 reliqione
566 2341 766 2424 conspicuos·
809 2342 877 2426 ipse
922 2350 1027 2410 autem
1067 2344 1342 2412 administrationi

222 2449 387 2511 supremae
401 2429 600 2512 iuoiqiiabat,
617 2433 708 2496 modo
719 2431 770 2497 iic
785 2435 875 2497 modo
891 2432 958 2498 iilic
973 2440 1124 2514 uersatus,
1141 2434 1342 2516 requiemque

223 2520 267 2583 acl
289 2519 493 2601 disciplinam
514 2519 739 2586 stabiliendam
762 2521 912 2600 condidit,
936 2543 1017 2604 quae
1039 2522 1143 2588 adine
1165 2529 1251 2587 entat
1259 2523 1280 2586 ⁵.

331 2603 429 2672 Scotti
462 2607 513 2673 illi
541 2608 683 2690 piscatui
715 2609 906 2675 insistebant
929 2611 974 2691 in
1007 2611 1119 2690 fluolis
1151 2611 1292 2692 rioisque
1325 2634 1341 2677 e

231 2697 353 2778 Vosaqo
369 2697 607 2762 decurrentibus
619 2699 767 2781 Mosella,
783 2699 922 2781 Brusca,
935 2699 1090 2781 Liquone,
1107 2721 1205 2784 neque
1221 2701 1342 2766 Colum-

174 2807 205 2846 ss
224 2787 326 2852 bonus
348 2806 484 2850 eremum
507 2785 597 2852 solito
619 2808 705 2852 more
727 2794 757 2852 et
778 2809 1015 2870 nonnumquam
1036 2809 1100 2874 per
1123 2796 1165 2853 50
1189 2789 1257 2854 dies
1279 2791 1341 2870 fre-

177 2870 181 2886 *
223 2880 379 2956 quentans
394 2881 516 2939 tenuem
530 2873 645 2940 nictum
661 2876 806 2958 piscibus
822 2877 928 2958 aliquo
946 2880 1036 2942 modo
1055 2878 1183 2943 condire
1199 2885 1341 2960 praeter·

222 2961 371 3044 mittebat,
405 2963 567 3030 occasione
589 2965 697 3037 data‘i
750 2965 828 3032 Qun
858 2973 961 3030 autem
990 2966 1096 3031 maior
1116 2967 1342 3032 monachorum

223 3072 374 3116 numerus
396 3051 433 3117 in
455 3053 546 3118 siluis
569 3053 653 3119 ariis
675 3054 848 3119 sustentari
869 3055 1020 3136 nequiret,
1052 3056 1151 3120 solum
1176 3055 1340 3138 incultum,

223 3139 324 3205 caesis
346 3142 522 3224 arboribus,
553 3165 574 3206 a
596 3142 760 3208 radicibus
782 3142 1000 3224 lapidibusque
1018 3146 1227 3226 purqandnm
1249 3151 1342 3226 atque
1386 3225 1389 3229 .

175 3251 205 3292 eo
223 3229 439 3310 apricuiturae
472 3232 649 3316 aptandum
683 3237 761 3296 erat.
825 3233 964 3312 Quercus
997 3237 1149 3314 uetustas,
1188 3231 1342 3298 immissis

224 3318 332 3382 cuneis
354 3317 575 3402 arietibusque,
605 3320 726 3400 fratres
748 3319 786 3384 in
807 3320 891 3384 saltu
913 3341 1033 3402 maqna
1054 3319 1088 3386 ui
1105 3321 1339 3402 partiebantur,

222 3405 270 3472 ita
292 3413 328 3472 ut
349 3407 547 3474 mirarentur
569 3409 731 3487 adstantes
742 3408 761 3473 ⁷.
808 3409 943 3489 Manus,
973 3431 1013 3475 ne
1043 3411 1122 3474 duro
1152 3411 1258 3476 labore
1281 3411 1341 3476 iae·

223 3497 388 3578 darentur,
433 3497 646 3562 Columbanus
689 3497 873 3580 tequmentis
911 3499 1084 3582 operiebat,
1129 3521 1209 3582 qnae
1252 3499 1343 3566 Galli

223 3591 345 3650 mantas
367 3587 539 3668 uocabant,·
573 3587 785 3652 calceamenta
814 3593 918 3652 autem
948 3611 964 3652 e
994 3589 1079 3654 corio
1108 3589 1198 3668 facta
1220 3589 1343 3668 ferebat

175 3695 205 3762 se
224 3673 370 3738 coruino4
393 3674 527 3756 alioque.
577 3675 711 3740 Terram
733 3675 855 3756 fratres
877 3679 1003 3742 sarculo
1025 3677 1206 3744 excolebant
1225 3679 1342 3760 piebas-

222 3783 281 3844 que
304 3784 418 3845 maqno
442 3764 548 3828 labore
570 3763 765 3847 scindebant,
799 3771 835 3830 nt
864 3787 945 3831 arua
968 3765 1082 3832 semini
1110 3767 1220 3846 futuro
1249 3788 1342 3850 prae·

216 3858 377 3932 pararent
385 3853 407 3914 4.
453 3852 540 3934 Apri
568 3853 778 3932 frumentarii
806 3876 882 3936 quos
906 3877 1006 3938 prope
1035 3856 1231 3922 monasteria
1252 3857 1343 3922 insti-

223 3942 351 4020 tuebant
379 3940 525 4023 saepibus
553 3941 671 4008 muniti
700 3949 730 4008 et
753 3944 890 4023 fortasse
913 3944 1030 4026 paucis
1053 3945 1171 4010 casulis
1193 3945 1344 4011 instructi

223 4049 245 4092 a
268 4029 353 4094 Iona
377 4029 518 4095 culmina
537 4032 748 4114 appellantur,
772 4031 874 4113 iisque
896 4033 944 4097 uel
967 4033 1099 4099 nomina
1121 4034 1228 4100 indita
1251 4040 1344 4100 erant

173 4137 205 4198 4⁰
223 4116 304 4182 talia
338 4117 451 4199 qualia
483 4119 710 4202 Baniaritioi,
746 4121 1070 4202 Fredemunqiacas4.
1124 4124 1181 4188 Ad
1213 4129 1343 4204 scqetem

222 4207 398 4271 metendam
427 4207 548 4286 fratres
576 4208 641 4291 ipsi
670 4211 747 4275 duce
775 4209 967 4275 Ociurnbano
1000 4231 1032 4274 se
1065 4232 1100 4274 eo
1130 4211 1341 4291 conferebant,

221 4380 249 4446 l)
270 4379 300 4435 V.
320 4381 542 4448 caunum.
614 4381 795 4452 2)1o,1,r.
868 4382 895 4452 3)
922 4382 1069 4446 Ic.1,10.
1141 4383 1343 4452 4)1o.1,17.

220 4449 250 4518 b)
270 4451 300 4506 V.
320 4452 408 4516 infra.
482 4453 509 4520 6)
530 4453 561 4508 V.
582 4453 697 4509 Columb.
716 4455 740 4519 I,
761 4457 803 4510 11.
877 4455 903 4519 7)
920 4453 961 4506 Ib.
980 4453 1004 4515 I,
1024 4454 1067 4506 15.
