3222 5030
411 463 537 534 IONAS,
552 463 672 520 VITAE
691 463 920 520 COLUMBANI
938 463 1047 520 LIBRI
1065 463 1106 522 II.
1284 469 1319 523 27

306 647 451 713 'Beatus
474 647 707 732 Hyeronimus
736 647 906 726 adfirmat,
937 649 1050 733 ipsum
1081 669 1228 726 cursum,
1260 649 1319 732 qui
1338 673 1411 724 aar.

197 737 326 804 dicitur
364 741 545 822 praesente
583 741 738 822 tempore
773 737 984 808 Scottorum,
1022 737 1145 802 beatus
1180 738 1319 803 Marcus

197 826 408 892 decantavit.
438 861 483 870 —-
506 859 549 870 -
580 821 763 904 (Patricius
792 847 815 890 a
844 825 936 908 Lupo
966 831 996 890 et
1022 824 1185 891 Germano
1215 826 1319 891 arabi·

197 913 418 996 episcopusin
442 913 571 980 Scottiis
592 935 631 980 oe
653 913 844 979 Britanniis
863 913 1005 997 positus)
1036 916 1149 999 ipsum
1180 936 1317 980 cursum

164 1004 327 1070 sibidem
362 1004 562 1069 decantavit
597 1007 633 1068 et
670 1007 749 1088 post
787 1004 898 1088 ipsum
940 1003 1063 1069 beatus
1091 1003 1317 1069 Wandilocus

197 1113 301 1158 senex
331 1096 367 1157 et
397 1091 519 1158 beatus
547 1091 773 1178 Gomogillus,
810 1093 869 1176 qui
904 1093 1103 1158 habuerunt
1132 1094 1169 1157 in
1200 1113 1316 1158 eornm

197 1182 406 1247 monasterio
429 1182 620 1246 monachus
644 1182 789 1248 cerciter
810 1186 887 1248 trea
916 1182 1022 1246 milia.
1076 1182 1164 1247 Inde
1195 1182 1318 1247 beatus

199 1271 425 1336 Wandiloous
447 1271 484 1334 in
509 1271 755 1355 predicationis
778 1272 1008 1336 ministerium
1033 1291 1053 1335 a
1077 1271 1179 1336 beato
1196 1269 1318 1336 Gomo-

197 1360 283 1445 gillo
299 1360 423 1425 missus
439 1363 492 1425 est
508 1363 544 1425 et
559 1360 682 1425 beatus
699 1359 934 1425 Columbanus
951 1360 1108 1444 partibus
1125 1359 1317 1424 Galliarum

152 1471 179 1511 ro
198 1449 357 1513 distinati
381 1452 463 1513 sunt
486 1449 695 1532 Luxogilum
719 1449 967 1514 monasterium
991 1452 1027 1514 et
1049 1449 1179 1514 ibidem
1203 1449 1317 1532 ipsum

198 1559 337 1603 cursum
360 1539 644 1616 decantaverunt,
670 1542 705 1603 et
723 1539 804 1603 inde
821 1541 942 1622 postea
958 1539 1154 1622 percrebuit
1169 1538 1317 1602 formam

198 1627 395 1692 sanctitatis
434 1648 552 1692 eorum
591 1647 653 1712 per
691 1627 888 1692 universum
923 1627 1039 1692 orbem
1075 1631 1247 1692 terrarum
1281 1630 1317 1691 et

197 1717 309 1781 multa
339 1716 487 1782 cenubio
516 1737 557 1782 ex
592 1736 710 1782 sorum
741 1716 900 1781 doctrina
930 1720 1001 1780 tam
1032 1717 1184 1780 virorum
1213 1737 1316 1798 quam

197 1805 393 1889 puellarum
425 1809 508 1869 sunt
542 1808 761 1890 congregata.
820 1805 865 1868 nt
899 1809 1020 1890 postea
1053 1806 1135 1870 inde
1170 1805 1317 1889 sumpsit

151 1921 177 1960 n
197 1894 372 1959 exordium
420 1895 484 1959 sub
524 1895 627 1959 beato
666 1893 896 1971 Oqumbano,
943 1895 1035 1977 quod
1074 1897 1155 1958 ante
1194 1894 1316 1958 beatus

196 1983 335 2048 Marcus
358 1983 575 2068 euangelista
598 1983 807 2048 decantavit.

303 2071 391 2136 Erat
411 2071 548 2153 episcope⁸
569 2071 617 2136 vet
645 2070 826 2152 sacerdotis,
856 2069 880 2134 i.
904 2091 929 2134 e.
956 2070 1142 2153 presbyteri,
1173 2069 1226 2135 eui
1254 2070 1315 2135 baa

196 2159 235 2224 in
256 2180 292 2225 re
308 2180 424 2242 parem
447 2159 664 2226 muctaritatem
685 2159 897 2225 Columbanus
912 2158 1109 2239 attribuerat,
1123 2164 1315 2240 peecatorem

190 2248 394 2330 paenitentia
422 2248 572 2332 inmusita
601 2247 747 2314 secusino
776 2246 992 2314 reconciliare.
1046 2248 1186 2312 Munere
1214 2247 1316 2330 ipitnr

149 2361 178 2400 so
196 2339 391 2419 saepedictae
423 2337 537 2403 medici
570 2337 767 2419 spiritualis,
800 2336 999 2418 diuersasque
1028 2337 1151 2402 morbos
1179 2335 1315 2401 diuersis

196 2425 373 2492 medicinae
394 2426 562 2508 peneribus
584 2447 712 2508 curans,
736 2447 816 2507 quas
839 2426 968 2508 quisque
992 2425 1189 2491 commiserat
1214 2424 1315 2506 euripis

197 2515 333 2582 diuersis
355 2515 500 2581 diuersas
529 2516 698 2581 adhibebat
719 2515 947 2597 paenitentias.
1002 2515 1040 2580 Si
1069 2515 1183 2580 delicta
1206 2535 1315 2597 parua

195 2605 244 2670 uel
272 2603 409 2669 minima
438 2610 539 2684 erant,
564 2625 685 2687 parum
714 2604 879 2684 referebat,
910 2606 1060 2686 quomodo
1089 2603 1315 2686 sepimentum·

194 2693 349 2777 praviora
372 2699 476 2759 auten
498 2700 534 2758 nt
557 2693 696 2774 perfecte
719 2700 749 2758 et
770 2699 1029 2776 eoqnoscnentui·
1051 2699 1080 2758 et
1108 2698 1312 2773 sanarentur,

149 2804 177 2845 m
195 2782 393 2864 reipublice
415 2781 561 2848 eccesiae
583 2782 672 2847 salus
688 2783 881 2864 postulabat.
929 2783 1020 2847 Haeo
1049 2803 1106 2847 ars
1135 2788 1171 2845 ut
1194 2801 1314 2863 parum

196 2871 371 2938 communis
393 2878 471 2953 erat,
495 2871 542 2935 ita
566 2870 758 2937 Columbano
781 2871 963 2937 necessaria
985 2870 1057 2936 uisa
1079 2877 1124 2936 est
1147 2871 1191 2935 ad
1212 2889 1315 2935 mores

195 2960 359 3025 bominum
384 2961 616 3041 reformandos,
647 2981 776 3042 eumque
805 2967 880 3025 anm
909 2981 979 3025 eum
1007 2966 1125 3024 statuta
1148 2958 1314 3041 paeniten-

196 3049 291 3115 tiaiia
324 3049 362 3114 in
395 3049 508 3114 Gallia
541 3049 632 3113 nulia
666 3048 837 3130 extiterint,
866 3048 934 3130 c'pse
962 3048 1090 3130 primus
1122 3070 1160 3114 ea
1194 3047 1312 3128 intulit,

195 3137 384 3203 traditiones
398 3137 559 3202 seniorum
573 3157 703 3202 suorum
717 3145 849 3203 secutus.
885 3136 1005 3219 Apitur
1021 3143 1124 3202 autem
1139 3136 1313 3201 marimum

148 3247 177 3288 so
189 3233 317 3308 partem
339 3227 377 3291 de
400 3226 588 3292 criminibus
617 3226 815 3308 capitalibus,
846 3247 927 3308 quae
956 3226 1004 3290 uel
1026 3246 1166 3306 menam
1196 3224 1314 3306 lepidus

195 3321 339 3380 sanetum
361 3315 517 3380 subibant.
565 3313 799 3380 Paenitentiate
823 3313 1010 3380 Columbani
1032 3313 1069 3378 in
1092 3312 1185 3378 binas
1201 3319 1314 3396 partes

195 3403 332 3469 diuisum
356 3404 540 3470 elericorum
562 3404 847 3485 monachorumque
866 3402 1086 3486 paenitentias
1109 3425 1130 3468 a
1159 3401 1314 3468 laicorum

195 3491 363 3559 distinctas
396 3493 533 3575 enbibet,
572 3513 671 3575 neque
705 3494 809 3558 eodem
842 3493 932 3557 modo
969 3491 1006 3556 in
1039 3497 1170 3572 utroque
1201 3511 1315 3574 ponere

195 3602 338 3647 mucosus
361 3581 610 3648 vindicabantur
630 3581 804 3664 proauos,
828 3586 940 3663 utputa
963 3580 1146 3662 homicidia,
1170 3581 1312 3661 uulnera,

148 3690 176 3733 u
194 3669 352 3752 sodomia,
392 3671 599 3752 adulterium,
645 3670 834 3752 fornicatio,
875 3669 1073 3753 periurium,
1112 3668 1312 3750 maleficium,

193 3759 326 3841 furtum,
351 3761 407 3824 sed
427 3759 479 3824 iiii
501 3759 687 3826 seueriorem
709 3758 944 3842 paenitentiam
966 3758 1116 3823 subibant
1144 3779 1239 3840 quarn
1269 3757 1312 3822 bi.

194 3847 361 3913 Adultciis
399 3848 531 3914 ctericus
564 3870 683 3931 quiaque
717 3849 998 3928 adnumerabatur,
1038 3847 1093 3929 uui
1128 3848 1312 3927 ctienteinm,

193 3935 217 4000 i.
242 3958 266 4001 e.
290 3958 430 4019 imorem,
454 3959 551 4020 quam
573 3937 675 4003 laicus
698 3939 862 4018 babuerat,
886 3942 961 4018 post
983 3936 1217 4002 remansionem
1245 3942 1314 4000 uoto

194 4045 251 4089 suo
288 4025 383 4090 irrito
420 4027 506 4107 facto
544 4027 745 4108 connascebat
781 4026 945 4107 filiumque
982 4045 1021 4090 en
1058 4046 1096 4088 ea
1132 4025 1282 4108 pipnebot
1292 4025 1312 4086 ¹.

146 4142 175 4182 m
200 4113 302 4180 Gulae
331 4121 498 4197 utrumque
527 4115 670 4180 ordinem
700 4137 797 4198 asaiae
826 4115 964 4180 deditum
994 4112 1096 4193 fuisse
1124 4119 1153 4178 et
1182 4113 1314 4178 ctericus

192 4306 299 4372 depebat
323 4308 354 4358 tn
375 4307 481 4361 Galliis.
519 4307 617 4358 Locum
639 4323 698 4360 eum
724 4309 808 4360 codice
825 4306 1004 4359 Loudtniensi
1022 4304 1120 4358 sacrm
1139 4304 1214 4356 Nero
1232 4306 1257 4356 A
1271 4304 1312 4371 II,

193 4377 276 4429 altas
293 4393 359 4433 saec.
377 4378 456 4432 VIII.
472 4379 554 4444 parti
570 4379 740 4431 attribuenda
757 4380 865 4432 eontulit
887 4377 927 4432 W.
947 4377 1076 4441 Larisam
1101 4376 1136 4440 ef.
1158 4376 1201 4430 (Ν.
1221 4375 1313 4435 Arcb!

192 4447 301 4516 XXIX,
317 4467 346 4518 p.
360 4451 420 4504 lbd.
494 4447 520 4517 1)
543 4449 573 4502 V.
592 4465 677 4514 supra
692 4465 722 4516 p.
737 4454 780 4505 10.
