3222 5030
404 434 530 503 IONAS,
545 434 666 491 VITAE
684 433 914 490 COLUMBANI
931 433 1039 490 LIBRI
1057 433 1097 491 H.
1275 438 1314 492 46

189 616 322 684 missum
351 618 477 682 murum
505 615 631 682 uiscudi
659 615 891 698 impetrauerat,
926 637 997 682 eum
1025 618 1185 698 quomdam
1206 638 1311 684 meuse

190 703 373 772 Februario
401 705 526 770 Atbolo
554 705 653 770 abbas
681 725 741 770 stra
774 710 881 786 spoute
909 704 974 786 ipsi
1002 704 1180 787 imperauit,
1210 713 1247 772 ut
1273 705 1311 772 iu

183 793 332 878 patriam
354 793 614 893 proficisceretur
635 793 785 875 uullaaue
814 813 905 858 mara
933 799 1149 860 reverteretur.
1195 795 1311 877 Itaque

190 890 327 968 tempore
349 881 446 948 uimii
467 881 614 965 friparis,
638 882 822 982 presbytera
850 881 1043 1034 diaccuoque
1071 881 1235 948 comitibus
1256 883 1310 948 ad

159 972 268 1044 »aas
301 973 346 1037 ad
374 969 657 1037 custodiendam
642 969 768 1036 euuems
800 969 1054 1052 sanctimoniam,
1089 971 1217 1054 loupum
1249 971 1311 1036 iter

191 1059 334 1142 suscepit,
358 1059 449 1125 euius
470 1059 576 1125 media
592 1079 676 1142 pars
698 1058 805 1123 triduo
820 1059 964 1123 absoluta
981 1021 1106 1124 viditur
1120 1080 1194 1141 esse,
1218 1067 1310 1142 atque

190 1170 311 1214 summo
331 1148 452 1232 paudio
474 1170 496 1214 a
517 1154 619 1214 matre
641 1147 805 1230 fratreque
827 1153 967 1230 receptus
989 1154 1042 1228 est,
1022 1149 1122 1213 tsed
1143 1111 1232 1214 baiod
1253 1147 1310 1214 diu

191 1244 295 1322 optato
317 1243 444 1320 meatu
465 1235 517 1302 illi
538 1237 739 1317 fruebantur,
766 1257 844 1301 uam
866 1242 958 1302 uoctu
986 1236 1128 1315 febribus
1150 1243 1310 1319 correptus

191 1327 295 1392 Iauas
327 1324 593 1392 oebemeutissime
630 1324 838 1406 desiderabat,
876 1331 913 1390 ut
947 1345 1044 1408 quam
1081 1324 1230 1390 citissime
1267 1327 1313 1390 ad

147 1441 174 1482 ιο
191 1414 418 1482 moucsterium
444 1413 571 1480 rediret.
622 1415 689 1496 Quo
711 1435 782 1479 cum
804 1413 990 1495 edocuisset,
1020 1415 1162 1479 abbatem
1183 1413 1251 1478 iam
1273 1413 1311 1478 iu

192 1511 331 1570 eudem
352 1509 450 1568 morte
466 1503 607 1586 positum
625 1501 771 1584 repperit,
795 1501 850 1585 qui
868 1501 920 1567 die
939 1508 988 1565 10.
1006 1501 1128 1567 Martii
1143 1525 1168 1568 c.
1185 1525 1216 1568 a.
1234 1508 1309 1568 626.
1356 1583 1358 1588 Ι

192 1593 274 1659 diem
296 1613 476 1674 supremum
499 1591 585 1658 obiit.
624 1591 711 1656 Erat
732 1597 836 1656 autem
854 1591 956 1656 Ioues
977 1590 1155 1656 ministerio
1170 1592 1310 1658 Atbalac
1376 1600 1379 1608 ’

192 1681 338 1748 addictus
347 1681 368 1762 ¹,
392 1701 483 1763 quem
505 1682 606 1747 locum
628 1681 719 1764 apud
743 1679 971 1746 Columbauum
994 1679 1069 1744 olim
1091 1679 1259 1746 Damoalis
1282 1687 1312 1746 et

196 1769 422 1852 Oliapuoaldus
449 1775 687 1852 occupauerant,
717 1768 927 1851 epistulasque
956 1769 996 1834 ab
1019 1769 1131 1834 abbate
1152 1769 1310 1851 perlectae

20 1847 32 1864 ⁷
147 1883 174 1924 a
192 1858 292 1924 eidem
314 1859 529 1924 asserccudae
547 1859 764 1939 tradebantur,
788 1857 870 1923 sicut
886 1856 1032 1940 Aprestii
1053 1857 1176 1922 litterae
1185 1860 1206 1938 ²,
1230 1879 1311 1940 quas

186 1953 260 2030 post
281 1947 395 2012 multos
417 1968 521 2012 auuos
542 1946 739 2030 ueplopeutia
754 1945 907 2028 perdidit,
931 1953 1023 2028 atque
1040 1946 1136 2012 etiam
1157 1968 1310 2029 respousa

191 2036 329 2116 fortasse
348 2035 503 2102 scribebat
490 2042 618 2118 teaque
634 2034 743 2100 amaia
757 2055 838 2118 quae
852 2035 890 2099 iu
905 2035 1087 2101 commercio
1102 2035 1182 2116 epist
1169 2037 1310 2100 tularum

193 2123 365 2190 coeuobiali
398 2127 604 2191 accurrebuut
635 2123 811 2190 scribenda.
864 2125 973 2188 Eleate
1006 2123 1088 2188 Ber
1075 2123 1156 2204 ulfo
1189 2123 1308 2206 abbate,

192 2211 277 2278 imm
299 2235 414 2278 muuus
436 2213 591 2279 retinebat
613 2219 740 2295 eratque
762 2212 800 2278 iu
821 2212 924 2294 ipsius
947 2211 1117 2278 comitatu³
1116 2233 1219 2294 cu,rru
1240 2211 1309 2294 pri-

145 2326 174 2366 m
192 2300 301 2384 uilepii
330 2323 428 2368 causa
457 2324 489 2367 a.
514 2309 588 2384 628,
618 2323 723 2367 morose
752 2301 859 2383 quio,
890 2301 1026 2366 Romam
1055 2301 1100 2366 ad
1127 2300 1311 2366 Hauorium

185 2411 309 2472 papam
330 2390 385 2456 ille
407 2391 546 2457 accessit.
525 2391 703 2456 tAbbas
730 2411 824 2474 ceper
843 2411 881 2455 erc
905 2390 989 2457 Urbe
1011 2411 1210 2472 propressus,
1240 2411 1311 2456 eum

192 2479 320 2544 redieus
341 2500 443 2562 prope
464 2479 669 2546 Bismautum
699 2487 837 2546 castrum
865 2477 1096 2545 iamdirutum
1118 2479 1311 2559 vifebrium

193 2568 429 2650 opprimeretur,
462 2589 590 2650 cumque
618 2568 718 2634 teusis
746 2567 891 2634 teutariis
918 2567 956 2632 iu
985 2567 1062 2633 locis
1091 2567 1215 2650 asperis
1237 2587 1310 2650 per·

193 2663 342 2739 uastaret,
367 2657 485 2722 Iouam
507 2657 681 2739 arcessiuit,
705 2656 850 2739 curisque
872 2655 977 2737 officii
999 2655 1051 2722 sui
1074 2662 1248 2738 occupatus,
1271 2658 1310 2722 do

147 2768 174 2809 ss
192 2745 315 2828 uipiliis
352 2745 517 2811 uecturuis
553 2767 623 2811 eum
663 2745 887 2828 iuterropacit,
933 2766 1062 2828 musque
1098 2745 1207 2810 ommia
1243 2745 1311 2810 iam

193 2833 347 2917 disposita
369 2855 435 2899 esse
457 2834 605 2916 audisset,
629 2841 703 2900 aute
725 2841 860 2900 stratum
881 2855 974 2898 suum
990 2855 1051 2915 per
1073 2840 1170 2899 totam
1192 2839 1312 2900 uectem

192 2922 297 3004 ipsum
326 2923 479 2988 cucubare
508 2923 610 2988 iussit.
657 2923 770 2988 Etiam
799 2943 869 2988 cum
890 2922 1045 2988 Eustasio
1075 2925 1185 2988 abbate
1207 2923 1312 2987 Luco

191 3011 295 3076 aurosi
329 3008 359 3095 (l
384 3007 459 3096 629)
494 3013 595 3076 Ioues
629 3017 830 3078 conversatus
863 3011 988 3076 uidetur
1021 3013 1117 3092 esse4,
1156 3011 1222 3076 sice
1259 3010 1315 3076 ille

191 3099 331 3165 Bobium
360 3099 444 3182 oisit,
474 3101 548 3182 siae,
576 3101 661 3183 quod
687 3099 806 3182 malim,
837 3099 904 3182 ipse
926 3099 1108 3164 meatum
1136 3099 1314 3164 trauslatus

147 3211 174 3252 so
192 3195 255 3253 est:
276 3189 447 3254 mouacbos
475 3189 560 3254 euim
582 3189 669 3254 iuter
690 3191 818 3253 abbates
839 3187 1004 3269 utriusque
1025 3188 1213 3253 monasterii
1235 3208 1313 3253 coru·

191 3283 329 3342 mutatas
350 3297 415 3342 esse
436 3277 504 3360 ipse
527 3279 689 3343 testatur³.
727 3277 813 3342 Aute
827 3275 968 3356 BertulJi
987 3275 1104 3341 obitum
1126 3283 1156 3341 et
1176 3277 1314 3357 fortasse

192 3387 218 3431 c.
243 3389 274 3431 a.
292 3373 366 3430 639.
391 3368 479 3448 apicd
499 3367 621 3445 fratres
642 3365 817 3430 Bobieuses
839 3366 1121 3448 corumorabatur4,
1152 3367 1249 3432 domoc
1272 3369 1312 3433 ab

191 3454 343 3520 Amouda
371 3454 513 3536 episcopo
542 3454 671 3520 adiutor
698 3459 841 3520 macutus
870 3459 923 3536 est,
958 3460 995 3518 ut
1025 3453 1064 3518 iu
1097 3455 1313 3522 couverteudis

192 3543 336 3609 Fraucis
352 3543 496 3626 pupauis
516 3543 581 3624 ipsi
603 3542 771 3608 assisteret.
811 3543 894 3607 Mau
915 3541 953 3607 iu
981 3541 1124 3608 Galliam
1148 3543 1312 3626 Belpicam

148 3653 174 3694 u
186 3633 358 3714 profectus,
377 3653 478 3715 prope
493 3633 655 3697 Eluouem
673 3631 778 3697 rivum
797 3631 971 3696 coustitisse
988 3630 1121 3714 uidetur,
1145 3631 1180 3698 eb
1196 3634 1313 3714 procul

192 3721 286 3786 dubio
315 3721 389 3800 loco,
420 3741 510 3802 quem
533 3720 758 3786 moucsterium
781 3743 803 3785 a
825 3727 933 3786 saucto
956 3727 1165 3787 coustructum
1187 3728 1311 3804 postea·

191 3829 250 3891 que
273 3830 312 3874 eu
333 3809 403 3892 ipso
425 3809 616 3891 appellatum
638 3810 817 3891 occupabat,
840 3807 975 3892 ludique
997 3817 1197 3876 eucurreutes
1216 3832 1311 3892 prae-

192 3897 350 3963 dicatores
376 3898 519 3980 peutium
541 3919 604 3980 per
631 3897 781 3979 Scarpim
804 3897 1005 3979 Scaldimque
1034 3897 1186 3964 lintribus
1214 3919 1311 3981 usque

191 3986 646 4070 adoceauiorauouipabaut.
681 3985 796 4068 Quoia
807 3986 1311 4069 uepotioprauissimomiuimum

147 4096 174 4136 u
191 4074 367 4140 trieuulum
383 4075 616 4158 perseverabat.
655 4075 827 4140 Praeurea
849 4074 944 4140 etium
966 4074 1004 4139 iu
1021 4074 1212 4140 monasterio
1227 4075 1310 4139 Eoo

190 4163 332 4230 riaceusi
354 4163 476 4229 diutius
499 4163 673 4229 constitisse
694 4163 827 4244 uidetur,
858 4163 913 4228 ubi
941 4162 1064 4244 cirpiue
1089 4165 1232 4242 'quadam
1261 4163 1309 4226 de·

193 4337 220 4408 1)
236 4337 268 4392 V.
288 4337 404 4394 Colurnb.
423 4337 463 4402 II,
475 4339 500 4392 2.
555 4336 745 4403 2)1a.11‚u.
799 4336 1002 4405 3)Ib.11,23.
1056 4333 1084 4399 4)
1105 4333 1147 4396 Of.
1166 4335 1309 4400 epistulam

197 4408 227 4464 V.
248 4409 407 4462 Coluuibam
421 4409 611 4475 praemissam.
707 4431 709 4435 v

245 4516 319 4557 ποια.
1149 4512 1169 4564 4
