3222 5030
280 443 315 498 60
492 437 617 507 IONAS,
630 437 753 493 VITAE
772 436 1002 494 ooLUMBANI
1019 435 1128 492 LIBRI
1146 435 1186 493 II.

280 621 377 686 lucem
400 620 532 702 aspexit.
583 619 662 686 Cum
685 627 839 704 quantum
866 619 905 686 in
934 619 986 684 bis
1014 617 1130 684 studiis
1158 624 1269 684 auctor
1291 618 1399 700 prose·

280 710 359 776 cisse
381 708 461 774 mitri
479 709 632 790 uideatur,
656 709 693 776 in
716 709 891 775 annalibus
906 707 1045 774 nostris¹
1068 705 1175 787 fusius
1192 706 1397 790 exposuerim,

279 799 347 864 iam
369 797 527 863 monuisse
549 798 630 864 sotis
652 797 721 880 crit,
746 798 849 880 ipsum
871 819 906 862 eo
925 796 1037 880 optime
1054 795 1201 861 meritum
1219 817 1293 876 esse,
1317 797 1401 877 qnocl

278 887 314 952 in
345 886 464 952 codices
492 886 705 952 Britannicos
734 893 799 952 octo
832 885 1000 969 diliqenter
1028 883 1209 967 inquisivit,
1240 906 1256 949 e
1286 883 1400 970 quibus

280 983 342 1040 tres
365 981 487 1040 tantum
509 975 577 1040 noti
599 975 680 1040 mibi
701 977 841 1056 fuerant,
872 975 987 1057 bosque
1016 973 1156 1056 aliosque
1188 971 1431 1054 copiosissimos

279 1063 446 1146 descripsit
478 1071 570 1146 atque
603 1066 771 1130 multorum
805 1063 959 1128 librorum
991 1061 1166 1146 specimina
1197 1059 1399 1144 plototppioa

280 1153 415 1234 addidit,
446 1175 526 1234 quae
555 1153 623 1218 suis
652 1154 729 1219 locis
755 1153 849 1234 infra
871 1152 973 1218 anuli.
1020 1150 1158 1216 Interim
1188 1171 1294 1215 manes
1323 1170 1400 1232 quos

280 1243 433 1308 citaverat
455 1241 575 1308 codices
597 1243 645 1308 oel
666 1242 702 1324 ii,
733 1245 771 1307 cle
793 1262 926 1323 quorum
948 1247 1033 1306 tectu
1062 1239 1177 1306 certior
1199 1239 1306 1319 foetus
1334 1259 1399 1304 non

280 1337 357 1411 erat,
382 1331 429 1394 ita
452 1353 536 1396 nune
559 1331 736 1396 examinati
759 1337 842 1412 sunt,
866 1329 960 1394 utin
983 1331 1098 1395 classes
1118 1335 1245 1393 nostras
1264 1327 1399 1392 describi

274 1419 445 1502 potuerint,
480 1441 689 1502 maqnumque
721 1441 827 1485 eorum
859 1440 1025 1484 numerum
1059 1417 1171 1499 admei
1207 1416 1262 1498 qui
1295 1417 1399 1500 ipsum
1419 1444 1445 1484 ιο

279 1510 440 1591 superant,
464 1515 556 1590 atque
579 1530 669 1590 spero
692 1509 770 1590 fore,
795 1515 830 1574 ut
851 1507 906 1572 oisc
921 1508 1021 1574 ullum
1038 1505 1320 1588 praetermiserim,
1344 1505 1400 1586 qui

279 1598 316 1663 in
340 1597 492 1679 catalopis
514 1597 608 1662 editis
630 1604 841 1662 ennmeratnr.

386 1688 419 1751 A
440 1685 495 1768 la)
525 1686 629 1752 Coelen
649 1685 945 1769 Sanqellensis
967 1707 1000 1750 n.
1018 1691 1092 1766 553,
1116 1684 1240 1764 formae
1263 1689 1397 1764 octonae,

275 1797 309 1858 p.
327 1782 401 1857 227,
426 1798 447 1840 a
467 1775 616 1860 pluribus
638 1775 784 1840 librariis
807 1796 888 1840 saec.
907 1773 952 1838 X.
975 1773 1022 1838 in.
1047 1779 1207 1854 exaratus,
1239 1772 1400 1836 eduabus

273 1866 426 1949 partibus
449 1871 577 1946 constat,
601 1885 737 1945 quarum
759 1864 850 1946 prior
870 1863 1062 1930 Columbaria
1080 1860 1304 1942 discipulisque
1321 1859 1398 1942 eius,
1419 1887 1445 1928 ιο

274 1953 433 2036 posterior
461 1954 494 2018 S.
524 1953 641 2019 Gallo²
670 1953 777 2019 dicata
803 1959 857 2034 est,
890 1958 982 2034 atque
1012 1950 1107 2016 etiam
1137 1950 1173 2014 in
1196 1949 1309 2032 priore
1338 1950 1400 2014 cluo

280 2042 410 2108 librarii
432 2042 650 2124 distinquancli
672 2049 754 2124 sunt,
779 2064 849 2106 cum
872 2041 952 2106 liber
967 2041 1020 2105 ΙΙ.
1040 2040 1128 2104 bauel
1143 2039 1191 2103 ita
1213 2039 1309 2102 multo
1325 2044 1402 2122 post

281 2132 447 2197 accersisse
480 2131 635 2196 uideatur.
690 2132 862 2212 Utrumque
896 2131 933 2195 V.
974 2127 1162 2196 Columbani
1199 2127 1316 2192 librum
1352 2127 1401 2190 ita

282 2220 466 2301 dispositum
490 2221 584 2284 coelen
606 2219 746 2284 exbibet:

188 2342 264 2394 ‚W
391 2308 438 2390 *p.
459 2314 607 2372 2—118.
649 2309 685 2373 V.
716 2307 903 2373 Columbani
932 2329 1002 2372 cum
1032 2303 1237 2385 carminibus,
1268 2324 1401 2386 quorum
1419 2333 1447 2372 so

282 2398 417 2461 alterum
439 2396 517 2475 solio
540 2396 643 2462 occiso
665 2396 881 2478 imperfectum
904 2402 957 2477 est,

384 2507 419 2566 p.
440 2491 629 2548 tls—132.
663 2486 698 2550 V.
723 2485 862 2550 Albulae
885 2484 950 2566 (II,
972 2483 1084 2565 1—6),

383 2597 419 2657 p.
442 2580 629 2638 132-139.
661 2575 697 2639 V.
721 2573 863 2654 Bertulfi
887 2571 954 2653 (II,
973 2571 1041 2655 23),

384 2685 419 2745 p.
440 2669 629 2726 los—150.
648 2665 699 2730 De
717 2665 893 2729 monachis
909 2663 1161 2728 Ebobiensibus
1179 2657 1245 2742 (II,
1259 2666 1312 2724 24.
1331 2657 1399 2742 25),

282 2753 483 2833 subsequente
512 2751 758 2836 subscriptione:
788 2753 939 2838 Explicit
970 2751 1109 2817 libellus
1140 2752 1182 2815 de
1205 2751 1278 2815 viis
1308 2771 1400 2814 sanc·
1420 2775 1446 2815 ιο
1558 2785 1563 2797 ·

282 2845 396 2905 lorum
435 2845 574 2926 patrum
613 2842 836 2917 Columbani,
876 2841 1017 2918 Absilae,
1058 2840 1202 2905 Bertolfi
1240 2839 1295 2904 vel
1334 2859 1400 2902 mo·

283 2931 472 2996 anchorum
496 2952 624 2996 eorum.

389 3018 533 3084 Alterius
547 3019 647 3102 iqitur
662 3018 739 3084 libri
751 3039 832 3103 pars
846 3017 953 3084 media
964 3016 1164 3082 desideratur·
1180 3012 1249 3098 (II,
1264 3015 1399 3098 7-22)‚

283 3107 402 3174 scilicet
423 3108 459 3173 V.
476 3108 623 3174 Eustasii
646 3130 715 3174 oum
738 3106 905 3173 miraculis
920 3104 1196 3186 Eooriocensibus,
1221 3126 1291 3170 cum
1307 3105 1401 3169 eaden

283 3199 328 3262 oil
340 3198 422 3262 solos
436 3197 610 3263 Bobienses
625 3198 751 3262 abbates
765 3196 993 3277 monachosque
1007 3199 1091 3276 spect
1099 3200 1128 3258 t.
1163 3193 1263 3259 Liber
1271 3191 1402 3278 primus
1420 3219 1447 3260 oo

283 3308 304 3350 a
334 3286 470 3352 librario
494 3287 595 3368 paulo
624 3285 790 3351 uetustiore
812 3286 981 3350 admodum
1004 3289 1150 3349 accurate
1173 3289 1325 3348 enecatus
1347 3286 1400 3362 est,

282 3373 370 3457 isque
392 3375 430 3440 in
452 3375 654 3440 describendo
676 3396 742 3440 non
764 3373 878 3454 olefacit
899 3372 967 3438 nisi
989 3393 1076 3453 roro,
1100 3373 1201 3454 plura
1226 3370 1344 3436 scilicet
1365 3369 1402 3434 in

276 3463 397 3546 primis
425 3463 560 3546 paqinis
592 3465 708 3528 menola
741 3463 934 3528 committens
966 3482 1062 3542 qnam
1096 3460 1134 3524 in
1161 3459 1402 3540 posterioribus.

287 3552 403 3616 Tentus
425 3558 537 3632 postea
560 3558 716 3617 correctus
738 3557 791 3632 est,
821 3550 982 3632 scripturo
1002 3547 1202 3630 primiqenia
1224 3567 1327 3626 crasa,
1359 3553 1403 3610 at-

283 3660 342 3722 que
364 3639 517 3704 eiusmodi
540 3640 685 3706 lectiones
701 3638 797 3704 initio
815 3638 895 3702 sotis
910 3637 1026 3702 multae
1042 3634 1203 3718 paulatim
1225 3641 1402 3698 rarescunt.
1422 3661 1448 3704 a

285 3728 369 3811 Sunt
391 3735 495 3794 autern
518 3751 539 3792 a
563 3729 712 3810 pluribus
734 3725 882 3792 librariis
904 3726 1023 3806 illatae,
1054 3746 1070 3788 e
1093 3722 1206 3806 quibus
1230 3743 1313 3788 unus
1335 3723 1403 3803 tere

284 3815 427 3898 aequalis
449 3823 625 3882 atramento
653 3815 800 3898 fassione,
825 3813 1017 3898 posteriores
1042 3811 1215 3898 pallidiore
1244 3811 1296 3876 usi
1319 3818 1401 3878 sunt.

392 3923 577 4005 Scripturae
599 3922 754 4004 specimen
777 3921 864 3987 dedit
885 3922 1017 3987 Laralor
1040 3922 1102 3984 tab.
1122 3920 1153 3983 I.

391 4030 532 4095 Eaedem
561 4027 707 4093 lectiones
735 4029 890 4110 multoque
913 4028 1025 4110 plures
1054 4025 1191 4092 eiusdem
1218 4024 1345 4108 pencris
1367 4023 1404 4088 in

284 4118 442 4186 codicibrrs
456 4117 598 4182 nonullis
612 4116 693 4182 libro
711 4116 872 4198 primario
887 4119 919 4180 A
935 4124 975 4180 la
993 4116 1073 4181 satis
1089 4113 1282 4197 propinquis
1300 4133 1404 4178 occur-
1413 4125 1449 4195 ζιο

284 4215 369 4289 runt,
394 4228 522 4288 cumque
544 4205 781 4287 interpolatoris
803 4225 902 4270 manu
925 4211 1060 4270 ercarota
1083 4203 1135 4270 liic
1155 4203 1299 4268 collibeat
1316 4223 1403 4266 coca-

286 4417 311 4477 ll
331 4419 375 4472 ‘N.
392 4417 484 4470 Arcti!
500 4416 608 4482 XXIX,
622 4432 652 4483 p.
665 4417 817 4472 445-463.
878 4416 905 4482 2)
927 4416 984 4470 Sor.
1000 4432 1054 4471 rer.
1071 4415 1218 4480 Meroor'nq.
1230 4413 1284 4476 IV,
1301 4427 1329 4477 p.
1342 4412 1403 4465 240.
