3222 5030
430 1108 632 1206 VITAE
668 1107 1072 1207 COLUMBANI

254 1243 504 1326 ABBATIS
534 1243 1091 1446 DISglllsslllzlflffUMQUE
1121 1245 1250 1328 EIUS

296 1557 483 1642 ‘Ecclesiae
515 1575 707 1642 Gallicanae
736 1575 885 1642 instituta
914 1597 949 1642 eo
978 1576 1083 1660 mapis
1106 1598 1181 1642 aeae
1204 1556 1342 1643 Mero-⁸

159 1664 315 1748 eoinpico
337 1685 496 1730 senescere
518 1664 718 1747 ridebantur,
742 1686 803 1748 qua
818 1665 933 1748 papuli
951 1665 1101 1748 decrepiti
1117 1665 1155 1731 in
1174 1667 1312 1732 deterius

188 1755 395 1819 mutabantur
416 1775 528 1834 meres,
559 1775 659 1836 neque
688 1753 878 1838 cepiditotes
907 1754 1067 1820 humanas
1090 1754 1228 1821 concilia
1250 1755 1311 1838 epi·

189 1842 310 1924 saepiae
333 1863 472 1908 coercere
494 1843 651 1924 valebant,
684 1844 740 1908 secl
761 1843 868 1908 inulta
893 1843 1078 1926 plerumque
1102 1843 1311 1925 patiebantur

187 1931 318 2013 stapitia
340 1931 539 2011 facetissima.
578 1931 768 2014 Disciplina
785 1931 886 2014 ipitur
901 1932 1112 1998 ecclesiastica
1126 1933 1196 2012 fere
1213 1932 1310 1998 elissa

188 2020 257 2085 luta
278 2026 358 2102 erat,
381 2041 481 2102 neque
503 2022 698 2103 neplepentes
715 2019 857 2086 timorem
876 2019 1033 2085 habebant
1054 2041 1153 2104 neque
1175 2021 1310 2086 studiosi

145 2134 171 2172 10
187 2108 439 2174 incitabantur1.
479 2109 577 2175 Sedes
599 2109 788 2192 episcopales
810 2108 984 2174 senatoriis
1003 2115 1126 2176 tantam
1148 2108 1309 2174 nobiliori·

189 2199 304 2280 busque
325 2197 465 2278 familiis
480 2197 643 2280 patebant,
664 2197 804 2282 pecnnia
826 2199 905 2263 elata
926 2198 1015 2264 lmuel
1033 2217 1111 2263 raro
1133 2197 1310 2280 acquisitae

188 2289 229 2352 ab
258 2286 311 2368 iis,
341 2286 399 2369 qui
426 2289 473 2352 ael
501 2286 645 2352 ordinem
674 2286 839 2368 quemlibet
866 2285 971 2378 mapis
993 2286 1188 2369 praeparati
1216 2293 1310 2352 eram

187 2395 283 2458 quam
305 2378 351 2441 act
372 2375 626 2442 ecclesiastiaca.
671 2374 825 2459 Epucepi
850 2375 952 2459 ipitur
973 2375 1074 2440 creati
1095 2397 1192 2457 quam
1214 2382 1309 2441 unna

188 2466 341 2546 cleperent
358 2463 588 2530 continuabant
607 2463 706 2530 vitam
724 2485 832 2546 neque,
856 2463 940 2530 sicut
961 2463 1136 2530 canonibus
1158 2470 1309 2530 statutum

144 2577 170 2617 a
187 2559 266 2635 erat,
296 2553 450 2618 uaaribus
477 2574 601 2638 semper
623 2552 824 2620 abstinebant
851 2574 951 2636 neque
973 2559 1082 2636 stupro
1111 2552 1309 2636 stapitiisane

187 2641 361 2723 eiusmadi;
387 2641 516 2708 clericos
539 2649 644 2708 antem
665 2641 806 2708 subditos
828 2641 962 2724 enempli
978 2641 1113 2724 possiem
1134 2641 1308 2724 dilipentis·

187 2730 284 2796 umas
305 2730 407 2811 fuisse
429 2738 595 2797 sectatores
623 2753 689 2796 non
718 2737 764 2796 est
786 2733 870 2813 quael
890 2730 1030 2796 mireris.
1078 2731 1165 2796 Sane
1186 2730 1309 2796 bonuti

187 2815 308 2902 quoque
330 2819 566 2902 laudabilesque
595 2820 681 2885 inter
702 2819 861 2904 episcopas
889 2819 960 2886 aeui
981 2819 1072 2885 illins
1088 2819 1307 2902 reperiuntur,

187 2910 225 2974 cle
254 2929 289 2974 re
318 2907 530 2975 ecclesiastica
559 2909 673 2992 optime
698 2909 815 2991 meriti,
845 2911 901 2974 sed
921 2907 1030 2974 minus
1051 2907 1159 2974 idonei
1182 2914 1239 2974 aut
1259 2907 1308 2972 in·

142 3022 169 3061 so
187 2997 279 3080 dipni
288 2998 527 3080 praevalebant,
543 3019 676 3080 aunum
683 2997 794 3082 pluris
805 2997 960 3063 intererat
970 2997 1096 3077 fructus
1104 2997 1308 3079 praebendae

1343 1559 1490 1605 Βελλῖνον.

1356 1613 1372 1653 1
1374 1613 1397 1664 V,
1403 1625 1427 1663 p.
1437 1616 1455 1658 1.

186 3107 306 3169 capere,
326 3107 422 3169 auam
440 3108 519 3152 aura
537 3087 722 3153 animarum
739 3085 836 3169 fnnpi
854 3086 1096 3168 delictorumque
1109 3085 1306 3152 coercitum.
1393 3142 1397 3148 .

111 3197 115 3204 ·
188 3174 407 3258 ‘Neplepentia
429 3175 530 3259 ipitur
545 3176 734 3259 praesulum
753 3174 921 3258 relipionis
943 3174 1046 3240 uirtus
1060 3195 1167 3257 paene
1189 3173 1308 3238 abolita

186 3263 369 3330 habebatur
379 3267 400 3347 ²,
435 3271 527 3348 atque
560 3264 644 3330 uitae
677 3263 874 3330 christianae
908 3264 1081 3344 eaemplum
1114 3261 1307 3327 imitandum

186 3374 285 3435 neque
307 3353 392 3420 iuter
415 3353 545 3420 clericas
566 3374 665 3435 neque
686 3353 772 3418 inter
789 3351 890 3418 laicos
911 3351 1129 3434 reperiebatur
1151 3349 1219 3416 nisi
1235 3371 1306 3432 per-

142 3465 168 3505 a
186 3461 274 3507 raro.
320 3442 387 3508 Res
413 3442 605 3508 coenobiales
633 3443 739 3508 coelem
767 3443 858 3506 mode
880 3441 1019 3523 neplecta
1040 3440 1172 3522 nubat,
1201 3439 1251 3504 ita
1271 3445 1308 3504 ut

186 3551 226 3595 ne
248 3530 406 3596 Lerinum
435 3531 560 3614 animm
587 3530 815 3596 monasterium
843 3529 927 3596 illuct
955 3529 1189 3596 celeberrimum
1211 3549 1308 3611 quam

179 3639 242 3702 per
264 3620 392 3703 lonpnm
415 3620 563 3702 temporis
585 3619 723 3704 spatium
743 3619 923 3686 obtinuerat
939 3624 1153 3685 conservasset
1173 3616 1308 3683 auctori·

185 3714 289 3790 tatem,
325 3708 502 3794 clism'pliua
530 3711 641 3774 hecata
669 3709 815 3792 reputari
823 3711 845 3772 ³.
898 3708 1098 3774 Litterarum
1126 3705 1308 3774 liberalium

185 3797 335 3879 studium,
359 3800 444 3879 quael
464 3819 504 3863 ea
525 3798 658 3864 urbibus
684 3797 867 3864 Gallicanis
890 3798 1035 3863 decedere
1058 3817 1127 3862 cnm
1151 3794 1308 3878 Greporio

142 3909 168 3949 eo
189 3887 369 3952 Turoneusi
407 3889 677 3970 conquerebantur
708 3887 884 3969 pleriquei,
923 3892 1059 3952 uertente
1092 3885 1216 3952 saecula
1246 3883 1306 3950 VI.

186 4077 214 4146 1)
241 4078 400 4132 Columbani
421 4095 462 4146 ep.
482 4079 521 4143 II,
547 4079 613 4134 ΜΘ.
633 4078 686 4147 Ep.
705 4078 761 4146 III,
784 4095 815 4145 p.
833 4080 893 4134 160.
1000 4078 1029 4145 2)
1052 4077 1083 4131 V.
1104 4075 1219 4130 Calmnb.
1238 4074 1262 4141 1,
1280 4075 1306 4130 ὁ.

185 4151 213 4216 3)
242 4150 287 4201 Ib.
305 4151 345 4215 II,
367 4153 397 4211 1,-
422 4151 458 4214 cf.
477 4149 525 4204 SS.
543 4150 578 4206 R.
597 4151 743 4216 Meroainp.
762 4149 819 4215 III,
840 4165 870 4216 p.
888 4151 949 4206 434.
1038 4148 1067 4213 4)
1096 4147 1185 4214 Grep„
1211 4143 1305 4208 Praef.

185 4219 246 4275 hist.
266 4221 326 4288 Fa,
352 4221 401 4276 SS.
420 4221 455 4276 R.
475 4222 573 4274 Meroe.
591 4221 615 4287 I,
631 4239 661 4290 p.
677 4224 712 4276 31
719 4238 728 4282 ,·
752 4221 788 4286 af.
809 4221 841 4276 G.
860 4219 1036 4284 Kanfmann,
1056 4215 1307 4270 ‘Rheterenschulen

184 4293 242 4344 ma
259 4291 477 4346 Klouuuhulm
502 4292 567 4344 odor
587 4292 738 4346 heidmisahe
762 4293 820 4344 und
844 4290 996 4344 christliche
1021 4287 1118 4339 (Μίαν
1142 4290 1172 4339 im
1198 4285 1307 4337 Gallim

141 4376 166 4416 oo
184 4363 315 4415 wahreml
332 4365 377 4415 des
396 4365 421 4418 5.
441 4363 497 4416 und
516 4365 541 4418 6.
554 4362 667 4419 Jahrb!
685 4367 722 4430 (a.
738 4363 868 4428 Raumer,
886 4361 1001 4417 ‘Hister
1017 4357 1213 4410 Taschenbuch'
1227 4356 1306 4422 1869,

184 4449 211 4500 p.
226 4436 282 4500 79).

237 4541 311 4584 lanu.
1113 4518 1128 4570 1
