3222 5030
435 454 563 524 IONAS,
577 453 698 510 VITAE
717 452 946 518 COLUMBANI
964 454 1128 513 LIBRI-11.
1308 461 1344 522 25

330 638 469 720 *Reputo
498 659 594 720 quam
623 637 807 703 eumuinaoi
836 637 1026 704 coenobialis
1049 661 1173 720 poenas
1201 640 1343 719 fratrum
1362 656 1436 705 'nm

221 727 471 810 delinquentium
506 726 662 806 continet,
693 731 861 808 praecepta
896 733 999 792 autem
1028 727 1236 810 institutaque
1266 751 1342 795 oom-

220 816 335 882 munia
357 839 379 881 a
401 815 566 882 monacbis
589 816 786 880 obseruanda
809 814 1021 881 Columbanus
1043 816 1080 882 in
1102 818 1214 899 reputa
1235 839 1342 884 mona-

221 905 373 972 eborum1
396 904 526 986 cottepit,
557 926 637 986 quae
665 903 702 968 iu
731 924 795 968 uuo
817 903 986 970 Benedicti
1008 905 1209 970 Auianensis
1239 907 1342 972 codice

187 1019 203 1060 s
222 1016 291 1061 cum
307 995 409 1058 attera
424 993 472 1060 ita
488 993 657 1059 coniuncta
672 999 725 1073 est,
744 999 780 1056 ut
798 1015 822 1058 c.
844 999 883 1056 10
900 991 1054 1074 (praescr.
1072 995 1124 1060 De
1141 996 1341 1062 diversitate

221 1084 419 1169 culparum)
450 1081 545 1148 totius
573 1081 715 1164 corporis
744 1081 876 1161 efficiat.
922 1082 1076 1148 Mauima
1102 1105 1186 1165 pars
1215 1085 1342 1166 repertae

220 1172 445 1238 monactmmn
459 1170 663 1250 mortificatio
681 1177 758 1251 erat,
782 1170 902 1236 sedicet
923 1170 1113 1253 spiritualis,
1136 1172 1185 1238 ita
1201 1179 1236 1238 ut
1250 1194 1342 1238 suum

220 1261 351 1344 quisque
373 1260 507 1325 liberum
529 1259 700 1325 arbitrium
718 1260 906 1325 conculeans
920 1261 958 1326 de
974 1280 1027 1325 ore
1043 1261 1197 1342 penderet
1211 1261 1343 1328 atterius

220 1371 319 1431 neque
342 1349 493 1432 copitaret
514 1361 613 1430 neque
635 1349 813 1430 toqueretur
829 1348 967 1430 propria
984 1369 1083 1431 neque
1100 1349 1163 1414 iret
1185 1371 1342 1433 quoaumn

175 1465 203 1506 ιο
221 1439 325 1504 tibere.
365 1438 463 1503 Dura
478 1439 538 1504 bac
554 1437 725 1518 disciplina
740 1437 937 1502 seueritatem
955 1438 1070 1504 mentis
1087 1439 1213 1505 seruari
1231 1445 1342 1508 auctor

220 1534 311 1592 ratus
334 1533 387 1607 est,
403 1549 474 1592 cum
488 1526 545 1608 qui
566 1547 687 1608 semper
707 1525 968 1608 interropaeisset
984 1548 1157 1608 numquam
1174 1528 1240 1610 ipse
1255 1549 1341 1593 erra·

220 1623 312 1682 turus
340 1622 427 1681 esset.
473 1615 648 1681 Mouacbis
676 1614 777 1697 ipitur
805 1621 841 1680 ut
869 1617 1005 1696 superba
1033 1616 1164 1682 libertas
1190 1619 1339 1698 cauenda,

219 1705 267 1771 ita
282 1726 359 1770 cera
373 1704 538 1770 humilitas
553 1703 705 1770 discenda
720 1710 798 1768 erat.
833 1704 890 1769 Aa
901 1703 1044 1786 primum
1059 1706 1186 1771 uerbum
1203 1705 1341 1772 senioris

220 1815 327 1859 omnes
349 1795 394 1860 ad
415 1793 640 1859 oboediendum
662 1813 791 1875 serame
820 1795 998 1876 oportebat,·
1032 1794 1226 1860 oboedientia
1256 1794 1341 1860 enim

175 1909 202 1950 n
219 1905 317 1965 usaue
351 1885 407 1948 ad.
426 1889 557 1947 martem
585 1888 757 1964 praecepta
790 1888 869 1946 erat.
927 1883 1099 1948 Praeterea
1137 1883 1339 1965 abstinentia,

220 1971 351 2038 castitas
374 1993 439 2036 uon
471 1972 571 2036 sotum
594 1970 745 2052 corporis,
776 1973 832 2036 sed
859 1970 954 2036 etiam
984 1971 1106 2052 mentis,
1137 1973 1340 2037 taciturnitas

219 2061 303 2126 inter
325 2061 456 2126 uirtutes
477 2060 704 2126 monachorum
726 2065 939 2125 recensentur.
977 2060 1170 2141 Paupertate
1193 2067 1222 2125 et
1240 2061 1340 2140 facul·

220 2156 319 2216 tatum
352 2156 525 2232 contemptu
553 2148 702 2214 monacbi
728 2151 772 2214 ad
793 2147 938 2230 primam
961 2149 1187 2230 perfectionem
1210 2171 1339 2232 propre

220 2306 359 2360 ‘Zeitscbiz
384 2307 407 2369 f.
433 2306 647 2372 Kircbenpesch!
665 2306 728 2372 XV,
751 2323 780 2372 p.
797 2307 937 2372 244sqq.),
964 2305 1012 2356 ubi
1032 2322 1165 2372 permane
1183 2307 1342 2358 Columbani

174 2389 203 2429 20
219 2378 299 2430 eaba
319 2378 434 2442 ‘senimss
455 2380 541 2444 poter
558 2378 725 2429 monasterii
743 2379 773 2428 in
792 2377 931 2428 ‘abbatem'
950 2379 1091 2428 immutata
1109 2377 1140 2442 (c.
1159 2379 1187 2443 8)
1205 2379 1340 2444 multaque

220 2465 254 2501 ea
279 2450 343 2500 abiis
368 2449 487 2514 fontibus
512 2449 675 2514 interpolata
699 2449 942 2516 deprehenduntur.
983 2449 1126 2514 Utramque
1148 2450 1234 2501 editor
1251 2465 1341 2502 recens

220 2520 349 2587 (Scebass,
369 2520 508 2574 ‘Zeitscbn
527 2522 548 2584 f.
567 2520 785 2586 Ktrcbenpeseb!
803 2520 899 2583 XVII,
913 2537 944 2586 p.
956 2521 1111 2587 tls-234)
1130 2523 1159 2571 in
1177 2537 1261 2572 unum
1279 2537 1340 2574 ome·

219 2592 301 2657 fudit,
325 2592 510 2643 additamenta
534 2593 647 2643 dumus
671 2593 769 2643 litteris
793 2591 983 2643 minutioribus
1007 2593 1166 2658 inprimens,
1190 2608 1341 2660 parumque

219 2679 253 2715 eu
270 2663 378 2714 Donato
393 2665 537 2729 profecisse
554 2663 623 2713 uuiti
640 2665 753 2729 videtur,
779 2666 826 2730 qui
847 2679 937 2715 ceram
959 2663 1092 2715 tectionem
1113 2679 1242 2732 persaepe
1266 2665 1340 2716 sotus

174 2737 342 2797 asservavit,
360 2749 380 2787 e.
417 2750 455 2787 r..·

256 2820 276 2858 e.
291 2809 315 2860 7.
342 2750 541 2872 Quiqaliquam
559 2803 793 2872 contemptionem
818 2821 881 2856 cum
900 2803 1012 2856 tristitia
1029 2805 1143 2876 promit]
1161 2806 1233 2869 salso
1250 2807 1341 2866 codd.,·

382 2877 435 2940 lupe
453 2876 500 2943 qui
518 2874 620 2943 aliquid
639 2892 702 2928 cum
721 2875 936 2928 contradictione
962 2879 1009 2928 aut
1027 2881 1061 2930 tr.
1081 2893 1121 2943 pr.
1141 2893 1204 2928 cum
1218 2879 1340 2943 Dmueto,·

256 2962 276 3001 e.
289 2949 315 3002 8.
335 2950 414 3000 extra
431 2946 534 3016 sepem]
553 2949 626 3011 fuleo
645 2948 731 3007 codd.,·
750 2951 828 2999 extre
846 2951 924 3014 septe
941 2953 1008 3000 recte
1025 2949 1158 3000 Donatus.

219 3019 379 3071 Nouissimis
403 3026 490 3070 autem
515 3019 629 3070 eiusdem
655 3024 772 3070 auctmis
796 3015 895 3069 studiis
912 3019 1065 3084 (Zeitschr.
1084 3023 1105 3084 f.
1125 3019 1339 3086 Kircbeupeschl

173 3100 202 3140 eo
219 3089 334 3156 XVIII,
350 3107 379 3156 p.
393 3091 504 3157 cssqq.)
528 3107 568 3141 me
587 3091 714 3140 assentiri
731 3105 783 3141 non
798 3105 877 3154 posse
894 3091 1006 3155 inpenue
1023 3093 1117 3155 fateor.
1155 3091 1226 3143 Sane
1243 3093 1340 3155 reputa

220 3163 296 3212 auius
325 3163 380 3227 ipse
410 3161 490 3225 finem
519 3162 589 3212 eruit
619 3163 755 3226 oirptnum
786 3161 939 3225 (‘Zeitschr.
967 3163 988 3225 s.
1017 3161 1231 3226 Kircbenpescb!
1260 3162 1339 3226 XVI,

215 3247 245 3298 p.
258 3234 313 3286 464
320 3235 389 3299 sqq.)
407 3235 486 3284 initio
498 3247 557 3282 eum
574 3233 671 3296 reputo
684 3231 841 3284 Columbani
857 3235 975 3296 penutua
994 3233 1030 3282 od
1047 3247 1068 3286 c.
1082 3235 1107 3296 9,
1127 3234 1194 3283 siccet
1206 3233 1338 3297 Donatus,

218 3303 311 3354 deinde
330 3309 418 3354 amun
436 3319 496 3354 eum
513 3303 763 3368 interpolationibus
774 3303 888 3354 alterius
905 3305 1063 3356 recensionis
1080 3313 1114 3366 (e.
1127 3305 1152 3356 9.
1167 3305 1200 3356 15
1209 3308 1263 3368 ee.)
1279 3319 1340 3356 con·

218 3377 298 3426 sentit
316 3375 432 3441 locosque
450 3375 516 3426 duos
534 3375 646 3439 enhibet,
666 3376 714 3439 qui
730 3375 810 3424 etiam
828 3374 904 3438 apud
923 3373 1060 3424 Donatum
1078 3376 1112 3439 (c.
1127 3375 1169 3428 19.
1183 3376 1229 3436 75)
1247 3380 1340 3428 catam

172 3453 201 3496 so
219 3461 300 3512 neque
317 3451 410 3498 eatam
428 3447 459 3498 in
477 3447 578 3511 rapidis
591 3445 726 3496 Benedicti
743 3449 791 3495 aut
805 3442 935 3510 Caesarii,
954 3445 999 3496 sed
1017 3445 1078 3496 inde
1095 3448 1203 3496 minime
1220 3449 1340 3512 sequitur

218 3532 261 3569 eos
287 3533 321 3568 em
347 3520 425 3569 tertio
452 3522 560 3568 auctare
585 3517 754 3582 deprmnptos
779 3531 832 3572 esse
858 3531 976 3582 nouaque
1000 3516 1096 3580 reputa
1115 3517 1340 3570 Columbantauue

214 3589 389 3654 posteriorem
414 3589 552 3654 quandam
572 3593 680 3653 partem
704 3588 841 3651 contineri,
867 3589 948 3638 immo
972 3589 1115 3639 contrarie
1134 3591 1227 3654 potius
1251 3591 1340 3655 aprinis

219 3659 384 3710 aimaundu
401 3665 446 3724 est,
465 3674 525 3710 cum
539 3658 717 3710 Cotumbanns
736 3659 914 3711 meredianam
931 3663 955 3710 et
972 3662 1148 3725 sementinam
1165 3661 1340 3724 confessiones

218 3733 351 3794 scauro,
366 3729 491 3782 Donatus
503 3735 591 3781 autem
603 3732 631 3780 in
645 3732 729 3795 cape'te
740 3731 860 3795 eupilato
874 3731 914 3783 19.
927 3731 1044 3794 tertiam,
1056 3731 1156 3782 scilicet
1167 3733 1338 3797 matutinum,

172 3811 201 3850 co
219 3802 356 3852 addiderit
380 3803 533 3867 trinumque
556 3803 635 3852 etium
660 3804 691 3852 in
708 3802 870 3852 monasterio
887 3801 1024 3866 cirpinum
1042 3801 1217 3853 Enoriacensi
1232 3805 1340 3855 mittam

218 3874 303 3937 fuisse
327 3877 430 3926 constet.
467 3873 534 3924 Loci
556 3875 641 3937 ipitur
659 3873 755 3938 quibem
773 3873 926 3924 Seebassius
950 3873 1050 3922 nititur
1068 3887 1128 3923 cum
1145 3873 1253 3926 Donato
1279 3889 1340 3926 core·

218 3950 343 4008 pincentes
362 3944 396 3995 ab
414 3946 471 4010 tpm
489 3959 569 4009 nemu
587 3959 605 3994 a
624 3943 786 3994 Columbuno
812 3945 951 4008 compositi
973 3947 1045 4006 sunt,
1071 3944 1101 3994 id
1126 3945 1196 4009 quod
1221 3946 1339 3996 ducentis

219 4016 300 4065 menis
318 4022 380 4066 unte
396 4016 512 4081 optimus
524 4013 562 4064 Le
576 4014 673 4078 Ootnte,
685 4016 759 4067 Anu.
772 4015 830 4068 aa.
842 4015 942 4068 From.
955 4014 996 4079 II,
1011 4016 1071 4079 tol,
1090 4017 1147 4064 iam
1160 4016 1340 4080 probauerant:

218 4100 252 4138 ea·
263 4086 371 4138 Donato
383 4091 478 4136 endor
489 4086 597 4151 reputae
608 4100 691 4136 novae
701 4087 801 4152 pendet,
814 4102 847 4138 en·
859 4085 907 4137 hoc
918 4085 1095 4150 interpolatm·
1106 4085 1339 4140 Gdumbanianoe.

171 4166 200 4206 cc
220 4155 246 4224 1)
272 4156 403 4222 Reputam
428 4156 627 4221 monachorum,
653 4159 698 4206 cui
721 4158 752 4208 in
769 4156 901 4210 codicibus
918 4156 1092 4210 Bobimesibus
1110 4171 1130 4209 c.
1145 4159 1187 4211 10.
1215 4156 1257 4208 De
1275 4172 1338 4223 per·

218 4225 338 4280 sectione
356 4225 484 4279 monachi
509 4243 543 4278 em
559 4227 725 4291 Hieronymo
749 4229 872 4279 additum
897 4233 940 4292 est,
966 4227 1047 4278 edr'dit
1065 4226 1181 4291 Seebass,
1201 4228 1339 4282 ‘Zeitscbn

218 4298 241 4362 f.
260 4298 479 4364 Ktrcbenpescb!
497 4298 560 4368 Xbs,
582 4314 612 4364 p.
625 4300 742 4364 soesqq.
781 4299 822 4362 cf.
842 4298 956 4350 mmmm
980 4299 1100 4349 auctmis
1118 4298 1338 4365 dissertationem,

218 4385 287 4436 quae
311 4369 489 4422 inscribitur:
515 4368 598 4421 ‘Uber
616 4369 741 4422 Columba
760 4386 810 4422 ome
827 4369 961 4420 Luneuits
978 4367 1160 4434 Ktostemrpet
1179 4371 1237 4422 und
1255 4370 1340 4422 Buss-

218 4439 305 4506 bucb',
324 4440 446 4492 Dresdae
466 4442 544 4494 1883.
