3222 5030
293 441 329 496 32
506 437 631 508 IONAS,
643 437 766 494 VITAE
784 437 1014 494 COLUMBANI
1031 438 1140 496 IiIBRI
1158 437 1198 496 H.

293 620 444 703 epistulae
466 621 512 686 ad
529 620 757 687 theudericum
774 619 1055 704 Ohtothariumquc
1076 641 1165 706 reyes
1180 621 1412 704 custipotoriae,

293 716 405 776 contra
427 709 648 794 Aprippinum
671 711 709 775 de
732 710 937 776 daruuatioue
959 711 1057 776 trium
1079 711 1298 793 capitutoncm,
1323 710 1413 776 deni·

293 819 351 881 que
374 797 498 865 tibettus
520 805 631 864 contra
654 798 800 864 Arianos
823 799 927 865 adiuta
950 800 1057 864 interd.

405 887 654 953 Columbanus
643 908 677 952 tn
707 887 812 952 codice
841 890 978 970 quodam
1002 888 1229 971 Sanputtensi¹
1257 889 1413 953 traditio·

292 999 377 1042 num
401 977 615 1042 Seocieorum
646 977 886 1042 tenacissimus
916 981 1133 1044 consectator
1162 997 1228 1042 non
1257 976 1445 1041 immeritos

293 1065 504 1130 existimatur.
548 1063 685 1130 Ordines
706 1064 744 1129 in
767 1067 907 1148 cotobopo
929 1073 1110 1132 sauctorum
1125 1065 1329 1132 Hiberniue²
1350 1071 1414 1129 tres

293 1153 356 1219 sibi
378 1153 514 1218 invicem
539 1154 735 1218 nucedentes
765 1153 908 1219 distincti
935 1162 1019 1237 sunt,
1050 1177 1120 1222 cum
1148 1154 1259 1220 unitas
1288 1153 1414 1219 ordinis

287 1241 394 1326 primi
427 1247 554 1306 servata
587 1241 681 1307 etin
715 1243 823 1308 missis
851 1249 880 1308 et
908 1243 945 1308 in
974 1250 1108 1310 tonsura
1137 1249 1167 1309 et
1194 1243 1232 1308 in
1260 1242 1414 1325 paschate

294 1330 534 1396 desciscentibus
568 1330 620 1395 his
653 1331 701 1396 oet
729 1331 797 1396 ittis
824 1331 986 1414 paulatim
1016 1332 1195 1399 decreuerit.
1250 1332 1414 1398 Secundus

294 1421 371 1484 ordo
396 1414 443 1497 (o.
468 1421 671 1504 543-599),
695 1422 740 1486 ad
760 1442 850 1503 quem
878 1420 1090 1487 Octunibanus
1119 1421 1245 1487 ratione
1267 1419 1414 1502 temporis
1432 1442 1458 1481 m

287 1508 490 1591 potissimum
512 1508 659 1590 pertinet,
683 1531 806 1591 paucos
834 1510 993 1592 episcopos
1020 1511 1192 1593 multosque
1214 1511 1415 1592 presbyteros

295 1598 567 1679 comprehendens,
590 1597 703 1664 comas
729 1599 904 1665 celebrabat
933 1606 963 1664 et
990 1599 1107 1665 missos
1135 1606 1165 1665 et
1192 1600 1328 1682 reputas,
1359 1599 1416 1662 sed

294 1707 394 1750 unum
411 1687 538 1770 pascha
555 1686 658 1752 XIV.
680 1687 759 1753 tuna
775 1695 849 1770 post
871 1687 1112 1771 aequinoctium,
1135 1709 1235 1753 unam
1250 1693 1415 1752 tonsuram

295 1776 336 1840 ab
359 1795 438 1840 oure
461 1777 505 1840 ad
526 1795 637 1840 aurem
659 1777 806 1842 seroobcd
827 1776 1037 1859 mulieresque,
1056 1779 1227 1860 separabat
1256 1798 1278 1841 a
1306 1797 1414 1840 mona·

295 1863 403 1929 storiis
409 1886 422 1946 ,·
445 1864 557 1929 tertius
580 1861 627 1942 (a.
652 1865 855 1948 sss-665),
887 1866 939 1932 cui
961 1866 1093 1931 extremi
1114 1866 1218 1948 ipsius
1247 1864 1330 1930 anni
1359 1865 1414 1928 ud·
1433 1886 1459 1927 u

295 1952 488 2018 numerandi
510 1960 594 2035 sunt,
617 1953 655 2019 in
677 1954 754 2020 locis
777 1954 909 2020 desertis
931 1955 1097 2021 habitabat
1110 1961 1140 2020 et
1154 1953 1300 2035 oleribus,
1317 1973 1412 2034 aqua,

295 2041 497 2125 eleemosynis
518 2041 640 2108 cioebot
662 2051 691 2108 ot
706 2044 845 2126 propria
868 2043 1044 2126 devitabat,
1074 2043 1287 2109 diversitatem
1310 2048 1414 2107 outem

295 2133 478 2196 extendebat
513 2131 550 2196 in
588 2138 769 2214 tonsuram,
809 2133 886 2198 otiis
923 2153 1088 2214 coronam,
1127 2132 1204 2198 otiis
1241 2130 1415 2197 caesariem

295 2219 481 2284 habentibus
487 2271 496 2302 ,
527 2227 619 2302 atque
649 2221 744 2286 etiam
773 2221 812 2286 iu
841 2222 1080 2287 sottemuitotem
1109 2221 1292 2303 paschalem
1299 2270 1308 2301 ,
1344 2239 1414 2285 cum

295 2307 356 2372 otii
380 2309 483 2374 XIV.
507 2309 626 2391 tunam,
650 2308 711 2374 otii
736 2310 838 2375 XVI.
870 2331 940 2375 oum
969 2309 1060 2375 duris
1088 2309 1336 2375 contentionibus
1365 2309 1413 2372 ob·
1432 2330 1459 2370 ss

296 2404 467 2463 seruarent.
520 2397 733 2464 Columbanus
755 2405 860 2463 autem
882 2420 904 2462 u
925 2398 1039 2482 prisco
1068 2419 1159 2480 quem
1187 2421 1209 2463 a
1237 2397 1414 2463 maioribus

295 2485 364 2552 suis
387 2493 550 2569 occeperat
570 2487 637 2552 ritu
659 2509 699 2552 ne
721 2508 857 2570 unpuem
880 2487 1006 2570 quidem
1029 2493 1245 2554 transuersum
1260 2485 1412 2552 discessit.

297 2575 395 2642 Scotti
424 2598 495 2642 oum
523 2583 641 2642 rectum
670 2577 766 2656 fidem
795 2575 855 2640 soti
885 2597 1084 2642 conseruasse
1114 2575 1177 2642 sibi
1205 2575 1268 2642 uisi
1302 2580 1412 2654 essent,

296 2665 563 2730 conversationem
608 2685 678 2730 cum
705 2664 818 2729 xaliter
863 2665 1060 2730 credentibus
1104 2665 1305 2747 effupiebant.
1373 2663 1416 2730 Ut

295 2753 479 2837 Dopnnns⁸
503 2755 677 2819 Scottorum
706 2753 869 2836 episcopm
898 2756 943 2819 ad
971 2754 1128 2836 episcopos
1150 2755 1330 2837 Anphorum
1352 2752 1414 2816 Ibo
1433 2773 1460 2814 m

295 2864 408 2908 monos
440 2842 569 2907 ueniens
598 2841 700 2906 cibum
729 2864 799 2907 cum
827 2842 871 2908 iis
905 2864 961 2908 nec
989 2843 1026 2908 in
1055 2844 1159 2909 eodem
1189 2839 1325 2927 bospitio
1354 2861 1414 2922 quo

296 2933 500 2996 uescebantur
522 2951 643 2996 suniero
665 2931 771 3012 notuit,
795 2931 843 2997 ita
863 2931 1075 2998 Uotumbunus
1097 2953 1163 2998 non
1186 2953 1255 2998 cum
1271 2929 1415 2996 omnibns

296 3019 477 3084 sociabatur
510 3025 602 3100 atque
635 3020 825 3086 Theudorici
858 3021 943 3103 repis
972 3028 1002 3086 et
1030 3023 1156 3086 domum
1185 3027 1214 3086 et
1242 3023 1339 3102 dapes
1369 3039 1415 3082 re

295 3108 434 3190 spuens4
461 3108 599 3188 fortasse
630 3129 695 3174 non
729 3110 829 3174 sotum
862 3109 1068 3192 impietatem,
1103 3112 1160 3176 sed
1191 3110 1286 3175 etiam
1319 3109 1415 3189 fidem

296 3197 455 3262 diversum
478 3197 674 3263 abhorrebat.
721 3199 796 3264 Huc
822 3199 1022 3281 soporatione
1044 3198 1188 3265 Routoni
1210 3199 1416 3264 laedebantur
1433 3217 1460 3258 so

296 3287 490 3368 epistutoqne
519 3287 564 3350 ad
591 3286 748 3369 episcopos
777 3289 963 3370 abbatesque
993 3288 1143 3354 Scotticos
1172 3289 1250 3353 dato
1279 3283 1457 3368 Deponi·

301 3373 547 3456 Ootnmbonique
581 3375 704 3441 abbatis
732 3376 770 3442 iu
804 3377 932 3444 Gothos
961 3377 1117 3443 uenientis
1145 3377 1318 3458 coemptum
1340 3393 1416 3458 pro·

295 3567 458 3632 Hieronymi
474 3582 555 3636 opero
573 3585 592 3621 a
610 3569 745 3623 Vaharsio
761 3570 875 3637 (Hique,
892 3570 997 3623 Patemol
1016 3570 1063 3623 tat.
1082 3568 1180 3634 XXII,
1199 3569 1246 3620 col.
1266 3566 1336 3620 1220
1347 3581 1394 3632 sqq
1396 3569 1416 3629 )

296 3641 353 3690 iam
370 3639 442 3690 edita
459 3646 520 3691 erut
543 3656 556 3692 c
580 3641 664 3692 codice
684 3642 814 3694 Vaticano
837 3657 865 3697 u.
884 3643 945 3707 642,
972 3641 1021 3704 sol.
1039 3641 1083 3706 80,
1108 3639 1157 3690 ubi
1171 3607 1337 3701 Hieronymo
1354 3639 1457 3689 mm<

296 3709 366 3775 falso
384 3709 515 3762 attributo
532 3717 576 3766 ost.
612 3713 701 3779 Neque
718 3728 786 3780 quoe
804 3713 963 3765 columbani
979 3712 1085 3762 nominc
1101 3714 1175 3761 ectat
1192 3707 1278 3760 mauis
1295 3707 1326 3760 de
1342 3707 1416 3759 saltu
1434 3717 1461 3760 so

296 3782 376 3833 lunae
392 3783 530 3848 sepositio,
548 3784 677 3850 iucipiens
694 3787 751 3835 itu:
770 3782 887 3836 Sanctus
904 3781 1089 3834 Columbsnus
1106 3779 1174 3832 haec
1192 3777 1227 3831 de
1245 3777 1297 3830 salt
1285 3781 1316 3830 tu
1334 3777 1416 3830 lunae

297 3852 343 3918 ait,
369 3867 451 3919 quam
476 3852 507 3906 Ρ
529 3853 638 3906 Gobrid
655 3855 749 3918 Meter,
775 3853 986 3906 ‘Jahresbcricht
1010 3852 1076 3902 dher
1100 3852 1142 3902 die
1166 3851 1252 3902 Lchr-
1279 3851 1336 3902 und
1360 3851 1416 3901 Er·

296 3890 426 3989 etehunps
433 3925 557 3976 -Anstolt
586 3926 632 3977 des
661 3892 864 3978 Benedictiner·
871 3924 966 3988 Stiftes
994 3922 1108 3973 Maru·
1115 3921 1277 3975 Einsmddn'
1306 3921 1415 3990 188077,

292 3997 380 4082 p.30,
404 3995 520 4047 ecodioe
538 3996 708 4062 Saupolluni‘
723 4014 750 4050 n.
766 3999 828 4061 050,
854 4011 920 4049 saec.
937 3994 989 4060 IX,
1010 3993 1138 4061 princeps
1163 3995 1254 4060 edidit,
1278 3993 1416 4060 porcianis

297 4068 384 4136 ipsius
406 4067 517 4133 scriptis
541 4068 607 4118 addi
628 4072 721 4134 potest,
748 4068 805 4118 ticet
829 4082 888 4118 eum
905 4032 1040 4131 Notpirus
1057 4065 1145 4118 Labeo
1169 4069 1199 4116 in
1223 4072 1342 4134 computo
1365 4075 1460 4116 suom

247 4165 249 4171 2
298 4138 455 4191 Columbani
471 4140 576 4189 nomine
594 4140 723 4202 citaverit,
735 4154 800 4189 narn
812 4141 905 4189 auctor
922 4137 1024 4201 cyclum
1035 4137 1270 4190 decemuoomulem
1288 4135 1416 4188 adhibens

297 4211 391 4262 muttrs
397 4225 483 4261 annis
496 4214 558 4275 post
573 4215 597 4260 et
604 4210 702 4276 procul
713 4176 870 4262 dubiosum.
887 4207 965 4262 VIII.
975 4223 1016 4262 eu.
1029 4209 1068 4260 oet
1079 4208 1153 4263 IX.'
1141 4225 1179 4262 m.
1192 4210 1269 4275 depit
1325 4206 1352 4277 1)
1373 4205 1415 4270 Os·

280 4281 402 4347 -Greith,
421 4280 523 4334 ‘.Gcsch
548 4280 597 4330 der
621 4279 777 4331 altirischeu
801 4279 913 4330 Kirchc'
930 4281 1034 4346 p..295
1124 4281 1151 4347 2)
1175 4279 1226 4334 Ed.
1246 4278 1367 4330 Haddan
1391 4283 1416 4328 et

297 4351 519 4488 {nuttelwl
479 4351 556 4418 ΙΙ,2,
574 4351 675 4416 pion.
730 4349 758 4422 3)
784 4350 866 4416 Beda,
884 4351 956 4406 Hut.
975 4351 1032 4406 ecd
1052 4352 1131 4418 II,4.
1192 4353 1221 4419 4)
1247 4351 1277 4404 V
1297 4347 1453 4402 Columb.

336 4425 377 4477 19.
1432 4429 1460 4469 45
