3222 5032
439 453 565 523 Ioues,
578 453 698 510 VITAE
717 455 945 510 COLUMBANI
962 453 1071 508 LIBRI
1089 452 1128 509 ΙΙ.
1291 453 1342 507 117

225 641 319 717 atain
338 657 407 701 oum
424 635 541 702 eisdem
560 644 631 719 post
648 639 743 704 uerba
758 639 788 717 I,
803 645 861 702 22:
888 637 1033 703 Sublato
1053 636 1177 700 deinde
1196 633 1341 718 prandio

227 727 279 789 vir
296 725 361 790 Dei
380 727 424 790 ad
443 727 571 791 scafam
591 732 722 792 remeat
741 733 836 791 totum
854 725 1051 791 enuntiatum
1069 723 1216 787 inserunt
1232 721 1341 786 bocoe:

227 814 373 878 Factum
408 819 460 881 est
494 819 620 892 autem,
657 838 734 881 cum
770 817 820 880 vir
851 817 917 881 Dei
946 814 1177 879 columbanus
1212 811 1340 874 adisset

228 898 291 978 (ita
306 903 339 966 A
354 905 404 968 ld.
421 910 469 968 26.
488 910 548 968 616
566 925 647 970 corr.
664 906 816 970 audisset
832 905 865 968 A
881 901 941 986 lc*,·
963 904 1089 968 edisset
1104 900 1137 964 A
1150 899 1186 980 2)
1210 900 1340 964 scafam

191 1015 208 1054 6
226 987 486 1075 (adsurrexisset
503 1013 565 1074 pro
584 1015 614 1058 a.
634 1015 679 1059 so.
701 993 733 1056 A
746 989 799 1076 26)
817 996 850 1056 A
866 992 923 1058 le*.
941 995 970 1057 d.
988 998 1018 1056 2.
1036 996 1088 1054 26.
1105 1011 1121 1054 6
1141 985 1219 1070 (non
1234 986 1338 1070 Aac),

226 1081 482 1162 subsequentibus
504 1081 624 1146 uerbis:
647 1084 865 1166 repperitque
890 1079 950 1163 (ito
967 1081 1000 1145 A
1013 1087 1055 1144 2a
1074 1100 1142 1144 cum
1161 1077 1229 1142 6611.
1238 1098 1251 1158 ;
1274 1095 1340 1160 que

224 1189 284 1233 om.
308 1170 341 1233 A
356 1170 415 1234 lo‘.
432 1170 462 1233 d.
480 1175 511 1232 2.
529 1168 579 1253 2c)
604 1191 682 1235 suos
706 1172 817 1235 multa
839 1171 984 1235 tristitia
1007 1170 1193 1253 depressos.

338 1257 381 1324 Ut
401 1257 482 1323 alibi
496 1261 591 1324 uerba
606 1259 788 1324 necessaria
803 1259 997 1342 neptepenter
1013 1253 1242 1339 praetermisso
1256 1261 1338 1335 sunt,

227 1344 271 1410 ita
300 1345 357 1411 boe
385 1347 449 1412 loco
479 1353 580 1412 tentus
610 1347 822 1429 amplificatus
856 1355 908 1429 est,
942 1367 1069 1428 cumque
1098 1365 1160 1427 pro
1193 1344 1341 1408 uocabulo

177 1458 206 1498 10
224 1435 351 1499 rariore
373 1439 523 1500 metatus
545 1435 696 1502 usitatius
717 1438 875 1518 quoddam
892 1435 1090 1501 substitutum
1112 1432 1163 1513 sit,
1186 1431 1341 1496 sermonis

224 1522 337 1588 rustici
359 1523 538 1606 corripendi
561 1525 700 1590 studium
718 1531 858 1607 apparet.
897 1526 1016 1589 Eodem
1033 1522 1135 1587 studio
1151 1521 1236 1586 locus
1250 1541 1340 1602 quem

225 1611 295 1677 dini
317 1612 445 1678 additus
467 1613 592 1678 uidetur
614 1634 687 1694 esse,
719 1613 835 1679 sedicet
864 1620 1007 1680 sanctum
1031 1614 1074 1676 od
1103 1609 1252 1692 scapham
1274 1630 1340 1675 non

225 1701 325 1766 sotum
347 1722 510 1784 remeasse,
537 1705 593 1768 sed
622 1703 717 1767 etiam
739 1702 842 1784 ipsam
866 1702 980 1783 odisse,
1010 1707 1040 1766 et
1062 1707 1141 1766 certe
1164 1698 1201 1764 in
1224 1704 1339 1763 tentum

225 1789 352 1854 admitti
374 1811 439 1855 non
462 1789 552 1856 dimit
572 1793 675 1871 uerba,
700 1812 780 1872 puae
798 1813 820 1855 6
838 1791 1019 1856 melioribus
1037 1789 1130 1854 tibris
1147 1788 1179 1851 A
1191 1795 1240 1852 16.
1258 1789 1285 1852 1.
1307 1794 1337 1851 3.

177 1901 205 1941 1⁶
223 1877 358 1943 Β16.2
390 1879 517 1944 omuino
547 1881 662 1944 obsunt
690 1901 746 1945 nec
776 1901 837 1961 per
866 1901 971 1944 omnes
1002 1879 1100 1943 libros
1129 1877 1193 1940 Aa
1225 1877 1339 1956 coudr-

223 1973 361 2049 mantur‚
385 1968 481 2032 ueluti
496 1968 528 2030 A
541 1970 580 2032 21
602 1967 715 2032 iisdem
737 1968 857 2033 oaeutl.
901 1968 980 2034 Cum
1002 1988 1083 2049 puae
1105 1964 1199 2029 tibris
1212 1964 1340 2028 Alad

222 2061 252 2120 et
273 2056 337 2120 Aa
361 2055 540 2122 commuuio
561 2062 636 2120 sunt
657 2079 695 2120 ea
718 2077 883 2120 numerum
908 2077 974 2121 non
996 2058 1073 2120 adeo
1095 2073 1246 2135 mapnnm
1268 2051 1338 2132 esd-

223 2143 311 2209 ciant
331 2151 423 2227 atquc
440 2151 607 2225 praeterea
628 2147 743 2210 menda
762 2144 894 2210 atterius
910 2143 1018 2226 partis
1035 2143 1073 2208 in
1090 2143 1192 2207 attera
1207 2139 1341 2206 minime

222 2235 361 2314 redeant,
385 2233 460 2313 fieri
482 2232 537 2296 oin
551 2239 665 2317 potest,
689 2240 724 2297 ut
745 2234 847 2298 attera
865 2253 904 2297 en
922 2234 1023 2298 attera
1044 2239 1114 2296 orta
1136 2229 1187 2311 sit,
1210 2228 1337 2311 aerique

174 2346 204 2384 ao
222 2321 361 2386 similius
383 2328 428 2386 est
451 2321 595 2386 lectiones
613 2322 785 2386 nonnullas
803 2321 1029 2402 6666666166Ι
1044 2321 1149 2386 abieno
1165 2341 1186 2384 o
1201 2317 1336 2384 librario

222 2412 358 2491 quodam
381 2413 579 2493 depromptas
609 2432 682 2492 esse,
713 2431 841 2492 eumque
872 2411 990 2476 codices
1013 2411 1045 2475 A
1061 2412 1145 2475 led
1167 2413 1337 2490 praeterea

222 2499 394 2578 manifesta
416 2499 528 2565 classis
550 2499 614 2564 Al
638 2499 771 2582 uestipia
800 2500 918 2580 ferant,
943 2520 1100 2580 proauum
1130 2519 1236 2564 eorum
1259 2518 1336 2563 oom-

221 2586 313 2652 missi
334 2609 423 2653 reum
445 2610 510 2653 esse
532 2588 715 2654 eristimem.
761 2589 937 2670 Exemplar
959 2595 1071 2670 antem,
1099 2590 1182 2670 quod
1206 2588 1251 2652 od
1272 2606 1336 2651 cor-

221 2675 388 2758 ripendum
417 2683 532 2742 tentum
561 2677 615 2743 itte
642 2677 764 2759 asciuit,
793 2697 1031 2758 nonnumquam
1057 2699 1127 2742 cum
1149 2677 1181 2740 A
1197 2682 1240 2741 26
1267 2696 1336 2740 oon-

172 2790 202 2828 a
220 2765 314 2844 uenit,
338 2765 540 2832 dissentiente
562 2766 664 2832 codice
686 2766 719 2831 A
732 2773 767 2832 2:

281 2855 344 2936 Ep.
390 2851 549 2940 secando]
574 2858 738 2922 sectando
762 2857 795 2920 A
809 2863 852 2922 lc.
870 2857 901 2920 d.
919 2861 981 2937 2a,·

266 2943 592 3029 I,19.pararurum
623 2940 827 3030 (pariturum
857 2945 890 3010 A
909 2951 953 3010 16.
977 2939 1021 3029 61)]
1052 2946 1230 3028 respondit
1259 2945 1334 3009 add.

434 3033 466 3096 A
481 3040 526 3098 lo.
543 3035 573 3098 d.
592 3040 654 3115 2a,·

265 3121 364 3202 Ι,27.
388 3117 658 3208 Mogontiacum]
683 3124 939 3188 Mosuntiaoum
962 3123 994 3186 A
1013 3128 1057 3187 16.
1082 3123 1122 3202 6,·
1151 3122 1336 3186 Mosontia·

173 3235 201 3275 so
433 3232 511 3274 cum
534 3211 567 3275 A
580 3218 641 3292 2a,·
670 3213 885 3296 Mogontiam
908 3211 941 3275 A
954 3219 984 3276 2.

219 3297 364 3363 Alterius
385 3297 485 3378 fontis
507 3299 640 3381 oestipia
662 3305 691 3364 et
712 3299 749 3364 in
776 3300 924 3365 laterculo
954 3298 1094 3383 capitum
1123 3305 1153 3364 et
1180 3298 1217 3363 in
1240 3318 1335 3379 prae·

219 3387 443 3468 scriptionibus
466 3388 749 3470 deprehenduntur,
774 3395 866 3470 atque
888 3389 948 3453 bos
962 3388 1015 3453 itte
1030 3388 1166 3470 enempto
1181 3387 1335 3452 librorum

219 3476 294 3540 Aa.
320 3483 362 3540 26
385 3497 533 3558 peruerse
562 3475 740 3558 disponens,
767 3477 1049 3560 praescriptionem
1075 3499 1101 3542 c.
1123 3483 1174 3542 20.
1198 3475 1336 3541 medium

219 3564 257 3630 in
272 3567 475 3647 praecedens,
499 3565 647 3630 lemmata
666 3586 738 3630 nero
762 3588 787 3632 6.
804 3573 857 3631 21.
875 3573 916 3632 22
935 3565 972 3631 in
991 3588 1016 3632 6.
1034 3571 1086 3630 20.
1104 3573 1144 3631 21
1163 3564 1333 3650 promouit,

174 3679 200 3718 a
219 3653 353 3734 denique
374 3675 513 3719 errorem
535 3653 791 3720 animadvertens
809 3677 834 3720 6.
852 3662 904 3720 23.
924 3677 994 3720 cum
1013 3661 1065 3721 22.
1089 3654 1263 3736 coniunxit,
1286 3654 1335 3720 ita

219 3749 298 3807 616
321 3763 344 3808 6.
363 3749 416 3807 24.
440 3743 549 3808 omnio
577 3742 663 3808 inter
684 3765 717 3809 se
746 3744 942 3826 conueniant,
973 3747 1048 3810 dum
1070 3748 1103 3809 A
1117 3753 1146 3808 2.
1172 3751 1214 3808 26
1237 3765 1262 3810 6.
1280 3748 1333 3808 24.

220 3852 289 3895 cum
308 3837 361 3894 23.
380 3831 602 3914 coniunpentes
619 3833 742 3897 demum
760 3856 781 3898 6
799 3855 824 3898 6.
842 3839 894 3897 25.
913 3833 951 3898 in
969 3833 1112 3898 ordinem
1130 3855 1162 3898 se
1180 3833 1333 3912 referunt.

220 3919 435 4001 Praescriptio
463 3921 568 3985 ultimi
597 3921 694 4002 oapit'
739 3917 805 4006 (30)
834 3921 872 3987 in
893 3923 926 3986 A
944 3924 986 3987 ld
1014 3922 1129 4004 tepitur
1152 3944 1173 3986 a
1202 3920 1336 4003 reliquis

220 4007 404 4089 discrepans
426 4010 579 4075 omnibus.

173 4156 202 4194 so
222 4145 247 4212 1)
268 4147 352 4199 Verbo
370 4145 486 4200 Factum
512 4151 553 4200 est
571 4148 654 4200 Ionos
678 4165 745 4201 raro
762 4149 886 4201 edebatur
903 4150 992 4215 (11.3.
1012 4147 1181 4214 Factumque
1200 4149 1240 4199 est
1258 4143 1335 4200 dein·

220 4232 291 4284 ceps,
310 4234 372 4270 cum
390 4249 426 4258 —
444 4217 525 4271 tellus
544 4218 689 4286 excoleret,
707 4219 797 4272 subito
814 4251 848 4258 —
861 4219 991 4288 asperitas
1009 4218 1147 4287 peremit),
1166 4219 1334 4285 frequentius

220 4287 384 4356 bioprapbus
403 4289 550 4353 Gmooefao
568 4306 629 4342 aevo
648 4291 824 4358 Corolinpico,
850 4294 896 4358 qui
920 4307 941 4344 e.
961 4293 985 4344 7.
1005 4291 1089 4342 locum
1103 4290 1269 4355 persimilem
1286 4305 1333 4342 66-

219 4358 304 4412 bibet:
322 4357 438 4412 Factum
457 4363 498 4412 est
516 4364 608 4413 autem
626 4392 670 4428 -,
689 4378 752 4414 cum
770 4365 858 4414 mater
876 4391 911 4400 —
929 4365 1064 4428 pergeret,
1083 4359 1199 4412 —ilico
1218 4390 1254 4400 -
1271 4376 1335 4429 per·

218 4445 296 4482 cussa
314 4435 363 4486 est.
