3222 5030
280 437 315 489 46
493 431 619 498 IONAS,
632 430 753 486 VITAE
772 429 1002 486 GOLUMBANI
1019 430 1126 486 LIBRI
1143 431 1184 488 Π.

280 635 360 696 quae
389 620 419 679 et
446 613 518 696 ipsa
547 613 615 680 iam
643 613 719 678 inde
749 612 925 695 antiquitus
947 633 1011 698 per
1039 614 1176 695 repalcm
1205 613 1398 680 sanctionem

280 705 336 768 snb
371 701 525 768 libertatis
554 701 725 786 priuilepio
758 701 958 768 mansissent.
1011 701 1099 783 Etsi,
1130 701 1315 786 prioilepiis
1347 703 1400 768 bis

280 791 527 892 deficientibus1,
556 793 594 858 de
620 791 773 874 qualitate
796 791 951 856 libertatis
973 790 1110 872 sinpulis
1132 813 1295 857 concessae
1317 792 1399 858 iudi-

280 879 350 946 cari
394 879 517 964 nequit,
564 887 669 944 tamen
710 901 749 944 cu
786 879 921 945 historia
959 879 1171 945 ecclesiastica
1208 887 1398 980 compertum

279 968 437 1049 babemus,
478 970 524 1033 acl
561 967 792 1033 celeberrimum
831 967 1058 1034 Lerinensium
1095 968 1323 1034 monasterium
1360 991 1430 1034 eus

278 1057 441 1122 iurisdict
416 1063 500 1122 tione
537 1057 724 1122 dioecesana
760 1055 891 1122 minime
924 1063 1097 1138 euemptum
1130 1056 1261 1138 suissc2,
1301 1080 1398 1158 neque

279 1152 354 1210 onte
325 1145 444 1211 thl
444 1148 616 1212 umbonum
645 1143 811 1227 oestipium
839 1144 929 1210 illius
958 1145 1113 1210 libertatis
1143 1145 1375 1212 coenobialis
1361 1169 1398 1212 ru

284 1233 405 1298 Galliis
419 1233 671 1316 deprehenditur,
696 1234 820 1315 qucum
841 1232 909 1314 ipse
922 1255 979 1298 suo
995 1234 1192 1300 Lunooiensi
1206 1235 1398 1300 monasterio

279 1329 475 1402 asseruerat,
514 1321 679 1404 qualisque
712 1321 906 1386 Resbacensi
943 1329 1112 1404 competere
1145 1322 1311 1388 uidebatur
1346 1323 1400 1390 ‘ad

278 1411 404 1474 modum
419 1410 662 1476 Luuooiensis’³
679 1409 833 1475 instituto.
872 1409 1010 1476 Interim
1033 1433 1102 1476 cum
1125 1410 1319 1494 reliquarum
1336 1413 1397 1496 epi-
1417 1442 1442 1480 ιο

277 1519 441 1580 scaporum
464 1507 528 1564 tum
543 1499 721 1565 Melitensis
743 1498 959 1564 auctoritatem
983 1499 1171 1566 canonicam
1193 1521 1251 1566 rea
1268 1521 1304 1565 re
1321 1523 1397 1566 uera

277 1586 485 1653 imminuerat
502 1610 600 1670 neque
617 1587 698 1670 ipsis
712 1587 825 1653 inuitis
836 1587 1044 1670 priuilepium
1060 1587 1182 1672 replum
1197 1590 1242 1654 ad
1255 1588 1396 1668 effectum

278 1676 395 1742 adduci
412 1684 548 1758 poterat.
601 1677 692 1744 Unde
715 1677 812 1742 Dodo
835 1676 1077 1756 referendarius
1100 1699 1169 1742 cmn
1191 1677 1353 1758 fratribus
1375 1701 1397 1742 a

277 1764 572 1847 Burpundafarone
594 1766 649 1848 qui
672 1765 834 1830 Meldicae
857 1765 1004 1832 ecelesiae
1026 1772 1101 1831 tuno
1122 1773 1275 1848 praeerat
1290 1773 1395 1848 postu·

277 1853 365 1918 labat
393 1861 485 1936 atquc
514 1876 572 1920 ren
593 1877 661 1920 una
684 1876 754 1920 cum
781 1853 956 1920 (landerico
979 1853 1175 1936 patriarcba
1201 1854 1394 1936 Gallienam,
1416 1879 1441 1919 rs

276 1941 395 2008 scilicet
408 1943 550 2026 episcopo
565 1944 783 2026 Lupduncusi,
802 1942 937 2024 aliisque
952 1942 1105 2025 episcopis
1112 1943 1205 2026 parti
1221 1944 1396 2008 Scottorum

276 2031 413 2098 addictis
436 2033 535 2098 eidem
557 2033 787 2116 supplicabant,
816 2038 853 2096 ut
874 2030 974 2096 simili
997 2031 1147 2110 beneficio
1169 2031 1393 2097 monasterium

275 2119 455 2202 instrueret,
479 2121 568 2203 isque
591 2121 842 2187 constitutionem
864 2121 978 2185 suam³
1000 2142 1031 2184 a.
1057 2126 1120 2184 638
1146 2117 1209 2197 (uel
1233 2121 1339 2202 637?)
1363 2124 1394 2186 d.

279 2215 307 2269 1.
324 2209 445 2273 Martii
463 2209 558 2274 etiam
576 2208 893 2290 comprovincialibus
911 2209 979 2274 suis
997 2211 1325 2308 confirmandamt
1275 2210 1325 2274 obt
1324 2209 1392 2274 ulit.

276 2296 394 2359 Iam
381 2319 447 2378 ipse
476 2297 652 2396 episcopus
666 2297 870 2362 dioecesanus
899 2318 965 2362 uon
993 2297 1136 2362 solum
1124 2319 1175 2362 cus
1206 2297 1298 2362 instit
1259 2297 1395 2364 trtrcendi
1413 2323 1440 2362 so

277 2385 401 2449 abbatis
417 2385 651 2467 concrepationi
670 2391 761 2451 contu
729 2385 800 2450 tuilt
815 2385 919 2451 uerbis
936 2386 1039 2451 bisce.
1061 2409 1163 2470 quem
1182 2389 1393 2452 unanimiter

276 2475 387 2538 omnis
404 2476 626 2558 congregatio
642 2475 704 2538 illa
720 2477 966 2540 monachorum
983 2497 1025 2540 ex
1041 2477 1246 2560 semeb1psis
1263 2478 1391 2560 optime

275 2563 431 2644 regulam
456 2567 668 2662 compertum
692 2565 871 2647 elegerint,
902 2565 969 2630 sibi
998 2566 1166 2630 seniorem
1193 2566 1390 2644 instituant,

275 2652 381 2716 sedt
352 2651 446 2716 etiam
468 2651 537 2716 iuri
560 2673 616 2718 suo
639 2651 726 2718 circa
742 2673 810 2734 pon
812 2652 948 2733 tificalra
969 2653 1170 2734 renuntians,
1202 2655 1300 2718 eidem
1324 2675 1392 2718 oon

275 2740 416 2820 cessit,u
418 2740 680 2822 tbeuedictioues,
701 2741 957 2824 consecrationes,
981 2763 1089 2806 sacros
1105 2705 1232 2806 ordines
1247 2765 1268 2807 a
1284 2763 1313 2823 qr
1304 2742 1393 2806 uoois
1411 2764 1437 2804 rs

275 2827 438 2908 spirituali
461 2829 613 2911 pontifice
635 2830 899 2914 perciperentu
877 2837 912 2894 ut
937 2830 967 2894 si
990 2830 1061 2910 quis
1084 2853 1100 2894 e
1122 2831 1285 2896 monacbis
1308 2852 1393 2896 more

243 2932 245 2934 ·
276 2917 373 2982 Soott
336 2923 408 2982 ttrco
438 2918 581 2983 ordinem
610 2919 814 3001 episcopalem
849 2925 961 2984 nactus
991 2925 1076 3000 esset,
1112 2919 1141 2984 is
1172 2942 1210 2984 eo
1239 2921 1393 3000 perficere

269 3013 383 3088 posset,
407 3013 499 3088 atque
513 3007 617 3073 uerbis
632 3007 752 3090 apertis
764 3008 932 3090 professus
947 3014 1000 3089 est,
1025 3008 1148 3072 nullam
1162 3030 1194 3073 se
1206 3015 1392 3092 potestatem

274 3115 372 3176 neque
406 3095 443 3160 in
476 3098 568 3162 rebus
599 3118 698 3178 nequo
730 3096 769 3161 in
803 3095 996 3161 ordinandis
1023 3095 1173 3178 personis
1205 3096 1392 3162 monasterii

273 3182 396 3268 labere,
420 3185 625 3268 disciplinam
648 3206 768 3267 quoque
790 3185 1016 3250 monachorum
1034 3191 1129 3250 totam
1148 3185 1255 3251 abbati
1271 3188 1390 3250 cedens.
1410 3209 1436 3248 so

273 3273 478 3340 Monosteria
509 3274 580 3340 licet
609 3275 771 3356 complura
805 3295 902 3355 rosque
932 3275 976 3338 ad
1005 3274 1126 3338 Karoli
1155 3275 1222 3338 Me
1252 3281 1392 3356 tempora

181 3387 255 3437 mn.
273 3365 409 3445 exemplo
439 3361 675 3444 Lerinensium,
706 3363 955 3443 Acauueusium,
990 3362 1254 3428 *Luaooiensium
1284 3384 1391 3427 mona·

273 3452 401 3516 oleorum
424 3451 572 3516 instituta
595 3451 668 3531 siut,
702 3452 861 3516 libertates
884 3457 989 3515 tamen
1018 3472 1083 3515 non
1106 3453 1230 3516 eaedem
1261 3453 1300 3515 ab
1331 3451 1391 3531 epi-

272 3539 375 3622 scopis
394 3539 440 3603 eis
460 3541 717 3619 concedebantur,
739 3539 821 3604 sicut
835 3537 1036 3618 Resbaeensi,
1061 3545 1152 3619 atque
1170 3537 1247 3602 iura
1265 3538 1391 3617 potiora

274 3769 299 3833 1)
321 3767 355 3817 In
375 3767 446 3818 binis
464 3767 622 3819 Oblotttarii
638 3768 710 3831 repis
728 3774 768 3830 (a.
782 3767 946 3830 ele-629)
961 3763 1122 3832 priuileplis,
1148 3779 1261 3830 quorum
1279 3763 1389 3816 ebrona·
1409 3783 1435 3824 35

270 3837 394 3903 prapbus
405 3839 572 3890 Acaunensr's
584 3854 609 3891 a.
622 3839 684 3892 830.
697 3839 817 3888 meminit
829 3835 988 3902 (Gremaud,
1003 3833 1145 3899 ‘Oricines'
1154 3852 1183 3901 p.
1197 3837 1253 3902 26),
1269 3840 1391 3886 sanctum

272 3911 338 3974 erut,
357 3924 389 3959 nc
407 3910 564 3960 consuetudo
581 3907 772 3960 monacharum
789 3909 989 3959 Acaunensium
1007 3907 1206 3972 immutaretur,
1228 3922 1289 3958 neue
1308 3906 1391 3958 abbas

271 3981 481 4045 constitueretur,
507 3983 563 4031 nisi
586 3995 619 4030 coc
644 3980 712 4044 ipsis
736 3994 811 4044 quem
836 3980 939 4042 fratres
963 3978 1105 4042 cleplssent.
1196 3976 1223 4046 2)
1251 3977 1292 4041 Cf.
1313 3979 1388 4032 Auct.

272 4052 354 4117 antiq.
375 4051 453 4116 VIII,
469 4067 499 4116 p.
512 4068 574 4105 m.
629 4052 657 4116 3)
673 4049 824 4102 Pardessus
842 4049 858 4104 l.
879 4049 895 4103 l.
915 4049 955 4114 II,
972 4066 998 4116 p.
1013 4050 1055 4102 39.
1113 4049 1140 4114 4)
1159 4048 1199 4112 (lt.
1216 4049 1390 4117 priuileptum

270 4125 431 4174 monasterio
449 4123 582 4173 Acuttauo
606 4124 637 4170 tn
660 4122 799 4172 territoria
817 4120 959 4172 Sabineust
982 4122 1034 4170 stto
1059 4135 1076 4168 a
1101 4119 1206 4171 Kcrolo
1224 4120 1263 4174 Μ.
1283 4136 1309 4170 a.
1328 4122 1388 4174 775.
1407 4138 1434 4176 40

270 4208 416 4245 conoessum
434 4191 594 4257 (Duobesue,
613 4191 710 4258 Script.
727 4191 784 4256 HI,
797 4193 878 4252 bont:
896 4189 1080 4259 privilegium,
1098 4190 1168 4242 sieut
1186 4193 1278 4244 celera
1296 4205 1388 4242 mona-

270 4264 353 4316 steria
371 4262 562 4329 Lirinensium,
581 4261 789 4330 Agaunensium
809 4267 837 4315 et
854 4261 1076 4328 Luxoviensium,
1101 4261 1149 4316 ubi
1173 4261 1262 4330 prisce
1279 4263 1389 4329 patrum

270 4332 373 4456 Bplsssii,
392 4331 544 4398 Benedicti,
556 4300 733 4385 columbani
758 4333 801 4386 vel
824 4336 978 4386 ceterorum
1002 4336 1112 4402 patrum
1137 4333 1234 4402 regula
1259 4335 1318 4386 cust
1307 4330 1389 4384 todiri

270 4421 297 4457 v1
318 4408 345 4456 e
347 4421 385 4460 ur
835 4437 837 4443 ·
