3222 5030
423 468 549 538 IONAS,
562 468 683 524 VITAE
702 468 930 524 OOLUMBANI
948 468 1057 525 LIBRI
1074 469 1113 525 H.
1290 475 1329 539 ‚59

215 651 408 718 Columbano
419 651 587 734 dispuntans
598 647 679 731 (IV,
691 653 749 734 36)
763 649 839 714 libri
848 650 974 732 prioris
989 672 1014 716 c.
1028 656 1166 716 18—20.
1179 673 1330 734 mapnam

201 747 330 823 partem
354 742 399 804 ad
419 741 546 805 uerbum
568 739 743 822 suscripsit.
786 739 853 804 Hic
876 745 979 804 autem
1002 739 1082 805 liber
1104 746 1140 804 ut
1161 747 1235 805 ante
1257 741 1330 806 olte-

209 850 282 893 rum
304 829 465 894 absolutus
485 828 529 893 cit
547 850 673 894 necesse
695 835 748 909 est,
778 828 827 892 ita
845 849 988 893 seorsum
1011 828 1114 894 editus
1136 850 1201 894 esse
1217 835 1329 911 potest.

210 919 297 982 Eum
332 917 371 982 in
408 917 514 999 capita
553 919 655 983 Ionas
695 916 775 982 satis
812 917 1008 1000 nepleyertter
1045 917 1211 998 dmm,
1250 940 1330 984 nam

178 1007 380 1072 claterculus
417 1006 555 1088 capitum
586 1005 915 1088 praesmrplionesquc
952 1005 1066 1071 iisdem
1099 1006 1222 1071 mendis
1257 1027 1330 1088 pra·

210 1095 350 1160 onsimis
372 1095 544 1177 inquinata
567 1101 650 1160 sunt.
689 1095 803 1176 Itaque
825 1096 871 1158 ad
889 1093 1023 1159 Sturum
1046 1097 1187 1160 abbatem
1211 1095 1330 1160 Oolum·

211 1187 328 1249 bonum
351 1183 577 1249 aduenissein
600 1183 785 1249 titulant.
810 1183 976 1264 contendit,
1007 1185 1083 1248 dum
1106 1184 1218 1268 potius
1245 1183 1331 1250 Com-

210 1272 334 1355 mopelli
356 1293 469 1337 umnen
488 1271 524 1337 in
542 1279 628 1338 tentu
645 1272 769 1354 lepitur,
794 1307 838 1316 —-
860 1271 898 1338 in
920 1277 1014 1354 caput
1035 1272 1120 1337 enim
1137 1276 1332 1354 praecedens

211 1363 425 1442 aberraverat,
461 1397 504 1405 -
538 1361 743 1442 ultimumque
776 1383 802 1426 c.
828 1367 879 1425 30.
916 1360 1044 1425 omuino
1076 1361 1332 1442 praetermisisse

167 1477 193 1514 ιο
210 1449 343 1531 uidetur,
374 1471 443 1514 cum
474 1449 600 1515 diuersa
629 1449 666 1515 iu
688 1449 825 1532 sinpulis
848 1449 1005 1514 codicibus
1031 1449 1234 1533 praescripta
1255 1450 1330 1516 sint.

211 1539 262 1604 De
289 1541 353 1619 [lde
379 1559 452 1604 uero
475 1539 621 1604 laterculi
650 1538 793 1603 dubitari
822 1538 877 1603 cin
906 1537 985 1618 licet,
1017 1559 1085 1603 cum
1115 1539 1145 1603 is
1173 1559 1264 1620 quem
1294 1541 1330 1605 V.

211 1627 372 1692 Iohannis
396 1629 498 1692 Ionas
524 1627 695 1711 praemisit
723 1631 827 1692 eodem
857 1627 984 1693 dicendi
1009 1648 1123 1708 ponere
1146 1628 1333 1712 compositus

211 1717 262 1781 sit.
316 1716 463 1798 Denique
498 1716 644 1782 carmina
673 1737 754 1798 quae
785 1717 902 1781 librum
929 1715 1073 1797 primum
1102 1717 1333 1798 subsequuntur

211 1805 376 1870 monacbis
405 1811 462 1870 aut
490 1805 703 1870 Bobiensibns
733 1812 790 1870 aut
818 1805 1071 1870 Lunouicnsibus
1105 1813 1162 1870 aut
1191 1805 1333 1887 utrisque

168 1917 194 1958 n
210 1915 369 1975 unumque
394 1901 469 1978 post
489 1895 625 1978 alterum
647 1896 687 1959 ab
710 1901 836 1958 anctore
859 1893 1050 1959 transmissa
1073 1915 1146 1974 esse,
1175 1915 1213 1958 en
1235 1915 1332 1978 prae-

211 1983 436 2064 scriptionibus
459 1982 575 2049 codicis
597 1983 631 2047 B
651 1985 687 2047 lb
711 1982 877 2064 callipitur.

323 2073 433 2136 Totum
454 2073 557 2137 Ionae
579 2093 658 2156 opus
681 2072 769 2136 baud
790 2070 882 2135 multi
904 2070 1024 2136 codices
1046 2071 1193 2136 exhibent
1214 2073 1332 2136 nullus-

212 2181 270 2242 que
292 2160 349 2241 ita,
373 2167 409 2225 ut
431 2167 541 2226 auctor
557 2161 641 2226 illud
657 2160 864 2242 disposuerat,
888 2161 1008 2224 duobus
1026 2159 1119 2224 libris
1137 2159 1330 2225 distinctum.

220 2249 294 2313 Vita
328 2249 516 2315 Columbani
544 2249 582 2314 in
605 2249 759 2331 plurimis
789 2247 946 2314 codicibus
977 2248 1089 2330 optime
1118 2247 1240 2312 tradita
1269 2256 1333 2332 est,¹

167 2362 194 2401 io
213 2339 347 2403 alterum
362 2345 466 2403 autem
481 2338 597 2403 librum
615 2337 715 2420 pauci
730 2343 852 2403 tantum
872 2337 1048 2422 perfectum
1068 2337 1229 2402 continent
1247 2337 1333 2419 iique

208 2427 361 2511 pronima
384 2427 547 2508 affinitate
568 2427 653 2492 inter
675 2448 708 2492 sc
739 2425 900 2492 coniuncti
923 2428 962 2492 ab
986 2427 1074 2491 baud
1094 2425 1142 2490 ita
1165 2426 1333 2508 multiplici

214 2515 337 2597 oripine
360 2516 423 2580 orti
451 2516 599 2582 uidentur
621 2538 695 2582 esse.
742 2516 831 2580 Huic
859 2515 940 2581 libro
970 2515 1090 2598 intepre
1119 2517 1333 2581 conservando

212 2604 249 2668 id
270 2605 424 2670 obstitisse
438 2605 619 2686 epistimem,
643 2607 727 2687 quod
748 2625 799 2670 res
822 2627 844 2669 a
862 2605 1073 2686 compluribus
1092 2604 1213 2683 sanctis
1228 2611 1334 2685 pestus

212 2693 430 2774 miraculaque
453 2692 588 2758 diuersis
606 2694 683 2759 locis
700 2700 836 2775 patrata
851 2693 888 2758 in
903 2693 972 2775 ipso
988 2693 1198 2758 coniunxerat
1212 2699 1331 2758 elector.

167 2803 195 2845 n
213 2782 269 2846 lta
291 2781 375 2846 enim
390 2782 512 2861 factum
527 2788 580 2864 est,
604 2789 744 2864 atquem
759 2783 889 2863 quisquc
904 2781 1042 2847 manime
1058 2783 1175 2847 colebat
1188 2789 1333 2847 sanctum

213 2893 282 2935 enm
297 2871 360 2936 sibi
375 2871 501 2952 eliperet
515 2871 720 2954 sinpulasqne
734 2878 915 2936 sanctornm
935 2871 1034 2952 Vitas,
1050 2871 1168 2936 scilicet
1182 2871 1329 2953 Albulae,

213 2959 371 3042 Eustasii,
395 2960 679 3042 Burpundofarae,
704 2961 752 3024 cel
776 2959 884 3040 potius
907 2959 1065 3024 miracula
1088 2960 1331 3042 Enoriacensia,

213 3048 363 3129 Bertulfi,
388 3049 518 3114 librarii
540 3070 681 3114 seorsum
703 3049 921 3130 describerent,
948 3048 1098 3112 dissoluto
1121 3049 1211 3113 libro.
1258 3049 1333 3114 Vita

213 3137 347 3220 denique
374 3137 562 3203 Columbani
584 3137 838 3203 retractationem
868 3136 965 3202 subiit
991 3138 1095 3217 leoem,
1126 3138 1209 3202 nunde
1239 3137 1333 3201 binae

168 3249 195 3288 co
214 3226 353 3292 codicum
388 3228 503 3292 classes
537 3227 780 3309 distinpuendae
813 3233 902 3306 sunt,
941 3231 1189 3306 retractataeque
1223 3225 1333 3306 optimi

213 3317 301 3397 apud
315 3315 418 3380 Italos
432 3322 647 3380 asservantur.
692 3315 821 3380 Codices
842 3315 889 3379 ita
913 3313 1075 3394 descripsi,
1099 3321 1230 3394 atquae
1249 3313 1333 3378 inter

213 3403 355 3486 sinpulos
387 3404 635 3486 uniuscuiusque
662 3403 774 3470 classis
803 3402 996 3469 necessitudo
1026 3401 1231 3468 intercederet
1261 3423 1333 3466 mon

212 3491 437 3574 inquireretur,
469 3496 543 3558 dum
573 3493 610 3558 de
641 3492 766 3558 ratione
789 3499 881 3574 utque
902 3491 1088 3558 auctoritate
1111 3491 1261 3557 classium
1285 3494 1333 3557 de·

213 3580 342 3663 scriptis
364 3581 457 3646 libris
480 3582 610 3647 dissero.

169 3691 195 3730 n
320 3671 441 3735 Eodem
470 3671 538 3750 fere
567 3678 702 3754 tempore
731 3691 791 3752 quo
820 3669 946 3752 utrique
975 3671 1010 3736 V.
1041 3668 1230 3737 Columbuni
1252 3671 1333 3737 libro

213 3760 402 3824 recensendo
431 3781 559 3841 operam
588 3761 736 3825 dedmam
758 3759 857 3824 solius
880 3759 1007 3840 prioris
1040 3761 1161 3825 codices
1193 3761 1229 3826 iu
1261 3761 1333 3843 ipsa

213 3848 316 3912 sancti
341 3848 455 3930 patria
484 3849 682 3930 collidendos,
712 3848 953 3927 examinandos,
985 3848 1172 3930 diperendos
1200 3850 1335 3930 suscepit

213 3937 260 4000 Η.
293 3937 328 4001 J.
362 3938 496 4002 Loulor
528 3938 580 4002 nir
611 3937 821 4018 doctissimus,
857 3958 951 4018 uepre
984 3938 1105 4017 ferens,
1141 3937 1333 4003 celeberrimi

208 4025 378 4106 popularis
406 4026 459 4091 sui
488 4047 539 4092 res
565 4033 669 4108 pestus
697 4027 839 4092 noudum
868 4027 912 4090 ad
939 4025 1043 4106 fontes
1072 4025 1203 4106 optimos
1232 4026 1334 4090 editos

169 4135 196 4174 a
213 4112 287 4195 esse,
321 4121 413 4196 atque
446 4135 511 4196 qna
544 4114 654 4180 nrelior
688 4136 795 4179 rerum
829 4115 906 4180 ordo
934 4119 1191 4196 praepararetur
1221 4113 1333 4178 disser-

214 4202 385 4268 tationem1
416 4224 502 4268 auno
531 4210 605 4284 post
634 4203 757 4287 publici
786 4203 871 4268 iuris
900 4202 984 4284 fecit,
1020 4221 1115 4282 quam
1146 4200 1241 4265 editu
1263 4223 1333 4266 nucu

215 4355 241 4428 1)
260 4356 297 4412 H.
317 4359 345 4413 J.
364 4359 482 4423 Lanlm,
508 4359 576 4411 ‘Tln
597 4358 782 4426 Mannscrrpts
807 4360 841 4422 of
862 4359 905 4412 tlte
929 4358 992 4409 Vua
1015 4356 1042 4407 S.
1063 4353 1232 4407 Columbant’
1251 4357 1334 4422 (‘Tbc

218 4429 411 4482 Ibamcticns
428 4430 461 4494 of
475 4430 519 4482 ine
536 4429 627 4494 Royal
643 4429 720 4481 Irislr
738 4431 880 4496 Academy,
905 4429 961 4480 Vol.
980 4423 1106 4487 XXXII,
1125 4424 1190 4480 Scct.
1211 4428 1241 4490 C,
1260 4429 1289 4482 P.
1310 4429 1333 4494 I,

214 4500 325 4567 Dublc'u,
344 4500 425 4567 June,
446 4500 545 4562 1903’).
